
  <record>
    <leader>40740cpc a2204453 a 45 0</leader>
    <controlfield tag="001">a7621542</controlfield>
    <controlfield tag="003">SIRSI</controlfield>
    <controlfield tag="008">080117i18891997cau                 eng d</controlfield>
    <datafield tag="040" ind1=" " ind2=" ">
      <subfield code="a">CSt</subfield>
      <subfield code="c">CSt</subfield>
      <subfield code="e">appm</subfield>
    </datafield>
    <datafield tag="090" ind1=" " ind2=" ">
      <subfield code="a">M1010 Record Group 2</subfield>
    </datafield>
    <datafield tag="110" ind1="2" ind2=" ">
      <subfield code="a">Southern Pacific Railroad Company.</subfield>
    </datafield>
    <datafield tag="245" ind1="1" ind2="0">
      <subfield code="a">Southern Pacific Railroad Company records.</subfield>
      <subfield code="p">Record Group 2, Operating and Maintenance Department records,</subfield>
      <subfield code="f">1889-1997.</subfield>
    </datafield>
    <datafield tag="300" ind1=" " ind2=" ">
      <subfield code="a">180 linear ft. (243 map tubes)</subfield>
    </datafield>
    <datafield tag="351" ind1=" " ind2=" ">
      <subfield code="a">Southern Pacific Railroad Company records are arranged in 7 record groups: 1. Board of Directors records; 2. Operating and Maintenance Department records; 3. Mechanical Department records; 4. Accounting Department records; 5. Office of the Secretary records; 6. Legal Department records; and 7. Real Estate Department records. Each record group has its own catalog record.  For a full description and to page individual items see the record for that group.</subfield>
    </datafield>
    <datafield tag="351" ind1=" " ind2=" ">
      <subfield code="a">Record Group 2 consists of 2 subgroups: subgroup 1, Maintenance of Way Engineering Division records, 1889-1993; subgroup 2, Design and Construction Engineering Division records, 1907-1997.</subfield>
    </datafield>
    <datafield tag="541" ind1=" " ind2=" ">
      <subfield code="a">Gift of</subfield>
      <subfield code="a">Union Pacific Railroad,</subfield>
      <subfield code="d">1998.</subfield>
      <subfield code="e">Accession 1998-182.</subfield>
    </datafield>
    <datafield tag="596" ind1=" " ind2=" ">
      <subfield code="a">21</subfield>
    </datafield>
    <datafield tag="610" ind1="2" ind2="0">
      <subfield code="a">Central Pacific Railway Company.</subfield>
    </datafield>
    <datafield tag="610" ind1="2" ind2="0">
      <subfield code="a">Ferrocarril Sud Pacífico de Mexico.</subfield>
    </datafield>
    <datafield tag="610" ind1="2" ind2="0">
      <subfield code="a">Northwestern Pacific Railroad Company.</subfield>
    </datafield>
    <datafield tag="610" ind1="2" ind2="0">
      <subfield code="a">San Diego &amp; Arizona Eastern Railway Company.</subfield>
    </datafield>
    <datafield tag="610" ind1="2" ind2="0">
      <subfield code="a">Southern Pacific Company.</subfield>
    </datafield>
    <datafield tag="610" ind1="2" ind2="0">
      <subfield code="a">Southern Pacific Transportation Company.</subfield>
    </datafield>
    <datafield tag="610" ind1="2" ind2="0">
      <subfield code="a">Texas and New Orleans Railroad Company.</subfield>
    </datafield>
    <datafield tag="610" ind1="2" ind2="0">
      <subfield code="a">Union Pacific Railroad Company.</subfield>
    </datafield>
    <datafield tag="650" ind1=" " ind2="0">
      <subfield code="a">Railroads</subfield>
      <subfield code="z">Mexico.</subfield>
    </datafield>
    <datafield tag="650" ind1=" " ind2="0">
      <subfield code="a">Railroads</subfield>
      <subfield code="z">United States.</subfield>
    </datafield>
    <datafield tag="852" ind1=" " ind2=" ">
      <subfield code="a">Department of Special Collections, Stanford University Libraries, Stanford, CA  94305.</subfield>
    </datafield>
    <datafield tag="999" ind1=" " ind2=" ">
      <subfield code="a">M1010 RG 2 FLAT BOX 327</subfield>
      <subfield code="w">ALPHANUM</subfield>
      <subfield code="c">1</subfield>
      <subfield code="i">36105116123725</subfield>
      <subfield code="l">MSS-30</subfield>
      <subfield code="m">SPEC-COLL</subfield>
      <subfield code="r">Y</subfield>
      <subfield code="s">Y</subfield>
      <subfield code="t">NONCIRC</subfield>
      <subfield code="u">6/3/2003</subfield>
    </datafield>
    <datafield tag="999" ind1=" " ind2=" ">
      <subfield code="a">M1010 RG 2 BOX 328</subfield>
      <subfield code="w">ALPHANUM</subfield>
      <subfield code="c">1</subfield>
      <subfield code="i">36105116123733</subfield>
      <subfield code="l">MSS-30</subfield>
      <subfield code="m">SPEC-COLL</subfield>
      <subfield code="r">Y</subfield>
      <subfield code="s">Y</subfield>
      <subfield code="t">NONCIRC</subfield>
      <subfield code="u">6/3/2003</subfield>
    </datafield>
    <datafield tag="999" ind1=" " ind2=" ">
      <subfield code="a">M1010 RG 2 BOX 329</subfield>
      <subfield code="w">ALPHANUM</subfield>
      <subfield code="c">1</subfield>
      <subfield code="i">36105116123741</subfield>
      <subfield code="l">MSS-30</subfield>
      <subfield code="m">SPEC-COLL</subfield>
      <subfield code="r">Y</subfield>
      <subfield code="s">Y</subfield>
      <subfield code="t">NONCIRC</subfield>
      <subfield code="u">6/3/2003</subfield>
    </datafield>
    <datafield tag="999" ind1=" " ind2=" ">
      <subfield code="a">M1010 RG 2 BOX 330</subfield>
      <subfield code="w">ALPHANUM</subfield>
      <subfield code="c">1</subfield>
      <subfield code="i">36105116123758</subfield>
      <subfield code="l">MSS-30</subfield>
      <subfield code="m">SPEC-COLL</subfield>
      <subfield code="r">Y</subfield>
      <subfield code="s">Y</subfield>
      <subfield code="t">NONCIRC</subfield>
      <subfield code="u">6/3/2003</subfield>
    </datafield>
    <datafield tag="999" ind1=" " ind2=" ">
      <subfield code="a">M1010 RG 2 BOX 331</subfield>
      <subfield code="w">ALPHANUM</subfield>
      <subfield code="c">1</subfield>
      <subfield code="i">36105116123766</subfield>
      <subfield code="l">MSS-30</subfield>
      <subfield code="m">SPEC-COLL</subfield>
      <subfield code="r">Y</subfield>
      <subfield code="s">Y</subfield>
      <subfield code="t">NONCIRC</subfield>
      <subfield code="u">6/3/2003</subfield>
    </datafield>
    <datafield tag="999" ind1=" " ind2=" ">
      <subfield code="a">M1010 RG 2 BOX 332</subfield>
      <subfield code="w">ALPHANUM</subfield>
      <subfield code="c">1</subfield>
      <subfield code="i">36105116123774</subfield>
      <subfield code="l">MSS-30</subfield>
      <subfield code="m">SPEC-COLL</subfield>
      <subfield code="r">Y</subfield>
      <subfield code="s">Y</subfield>
      <subfield code="t">NONCIRC</subfield>
      <subfield code="u">6/3/2003</subfield>
    </datafield>
    <datafield tag="999" ind1=" " ind2=" ">
      <subfield code="a">M1010 RG 2 BOX 333</subfield>
      <subfield code="w">ALPHANUM</subfield>
      <subfield code="c">1</subfield>
      <subfield code="i">36105116123782</subfield>
      <subfield code="l">MSS-30</subfield>
      <subfield code="m">SPEC-COLL</subfield>
      <subfield code="r">Y</subfield>
      <subfield code="s">Y</subfield>
      <subfield code="t">NONCIRC</subfield>
      <subfield code="u">6/3/2003</subfield>
    </datafield>
    <datafield tag="999" ind1=" " ind2=" ">
      <subfield code="a">M1010 RG 2 BOX 334</subfield>
      <subfield code="w">ALPHANUM</subfield>
      <subfield code="c">1</subfield>
      <subfield code="i">36105116123790</subfield>
      <subfield code="l">MSS-30</subfield>
      <subfield code="m">SPEC-COLL</subfield>
      <subfield code="r">Y</subfield>
      <subfield code="s">Y</subfield>
      <subfield code="t">NONCIRC</subfield>
      <subfield code="u">6/3/2003</subfield>
    </datafield>
    <datafield tag="999" ind1=" " ind2=" ">
      <subfield code="a">M1010 RG 2 BOX 335</subfield>
      <subfield code="w">ALPHANUM</subfield>
      <subfield code="c">1</subfield>
      <subfield code="i">36105116123808</subfield>
      <subfield code="l">MSS-30</subfield>
      <subfield code="m">SPEC-COLL</subfield>
      <subfield code="r">Y</subfield>
      <subfield code="s">Y</subfield>
      <subfield code="t">NONCIRC</subfield>
      <subfield code="u">6/3/2003</subfield>
    </datafield>
    <datafield tag="999" ind1=" " ind2=" ">
      <subfield code="a">M1010 RG 2 BOX 336</subfield>
      <subfield code="w">ALPHANUM</subfield>
      <subfield code="c">1</subfield>
      <subfield code="i">36105116123816</subfield>
      <subfield code="l">MSS-30</subfield>
      <subfield code="m">SPEC-COLL</subfield>
      <subfield code="r">Y</subfield>
      <subfield code="s">Y</subfield>
      <subfield code="t">NONCIRC</subfield>
      <subfield code="u">6/3/2003</subfield>
    </datafield>
    <datafield tag="999" ind1=" " ind2=" ">
      <subfield code="a">M1010 RG 2 BOX 284</subfield>
      <subfield code="w">ALPHANUM</subfield>
      <subfield code="c">1</subfield>
      <subfield code="i">36105116122479</subfield>
      <subfield code="l">MSS-30</subfield>
      <subfield code="m">SPEC-COLL</subfield>
      <subfield code="r">Y</subfield>
      <subfield code="s">Y</subfield>
      <subfield code="t">NONCIRC</subfield>
      <subfield code="u">6/3/2003</subfield>
    </datafield>
    <datafield tag="999" ind1=" " ind2=" ">
      <subfield code="a">M1010 RG 2 BOX 285</subfield>
      <subfield code="w">ALPHANUM</subfield>
      <subfield code="c">1</subfield>
      <subfield code="i">36105116122487</subfield>
      <subfield code="l">MSS-30</subfield>
      <subfield code="m">SPEC-COLL</subfield>
      <subfield code="r">Y</subfield>
      <subfield code="s">Y</subfield>
      <subfield code="t">NONCIRC</subfield>
      <subfield code="u">6/3/2003</subfield>
    </datafield>
    <datafield tag="999" ind1=" " ind2=" ">
      <subfield code="a">M1010 RG 2 BOX 286</subfield>
      <subfield code="w">ALPHANUM</subfield>
      <subfield code="c">1</subfield>
      <subfield code="i">36105116122495</subfield>
      <subfield code="l">MSS-30</subfield>
      <subfield code="m">SPEC-COLL</subfield>
      <subfield code="r">Y</subfield>
      <subfield code="s">Y</subfield>
      <subfield code="t">NONCIRC</subfield>
      <subfield code="u">6/3/2003</subfield>
    </datafield>
    <datafield tag="999" ind1=" " ind2=" ">
      <subfield code="a">M1010 RG 2 BOX 287</subfield>
      <subfield code="w">ALPHANUM</subfield>
      <subfield code="c">1</subfield>
      <subfield code="i">36105116119129</subfield>
      <subfield code="l">MSS-30</subfield>
      <subfield code="m">SPEC-COLL</subfield>
      <subfield code="r">Y</subfield>
      <subfield code="s">Y</subfield>
      <subfield code="t">NONCIRC</subfield>
      <subfield code="u">6/3/2003</subfield>
    </datafield>
    <datafield tag="999" ind1=" " ind2=" ">
      <subfield code="a">M1010 RG 2 BOX 288</subfield>
      <subfield code="w">ALPHANUM</subfield>
      <subfield code="c">1</subfield>
      <subfield code="i">36105116119137</subfield>
      <subfield code="l">MSS-30</subfield>
      <subfield code="m">SPEC-COLL</subfield>
      <subfield code="r">Y</subfield>
      <subfield code="s">Y</subfield>
      <subfield code="t">NONCIRC</subfield>
      <subfield code="u">6/3/2003</subfield>
    </datafield>
    <datafield tag="999" ind1=" " ind2=" ">
      <subfield code="a">M1010 RG 2 BOX 289</subfield>
      <subfield code="w">ALPHANUM</subfield>
      <subfield code="c">1</subfield>
      <subfield code="i">36105116119145</subfield>
      <subfield code="l">MSS-30</subfield>
      <subfield code="m">SPEC-COLL</subfield>
      <subfield code="r">Y</subfield>
      <subfield code="s">Y</subfield>
      <subfield code="t">NONCIRC</subfield>
      <subfield code="u">6/3/2003</subfield>
    </datafield>
    <datafield tag="999" ind1=" " ind2=" ">
      <subfield code="a">M1010 RG 2 BOX 290</subfield>
      <subfield code="w">ALPHANUM</subfield>
      <subfield code="c">1</subfield>
      <subfield code="i">36105116119152</subfield>
      <subfield code="l">MSS-30</subfield>
      <subfield code="m">SPEC-COLL</subfield>
      <subfield code="r">Y</subfield>
      <subfield code="s">Y</subfield>
      <subfield code="t">NONCIRC</subfield>
      <subfield code="u">6/3/2003</subfield>
    </datafield>
    <datafield tag="999" ind1=" " ind2=" ">
      <subfield code="a">M1010 RG 2 BOX 291</subfield>
      <subfield code="w">ALPHANUM</subfield>
      <subfield code="c">1</subfield>
      <subfield code="i">36105116119160</subfield>
      <subfield code="l">MSS-30</subfield>
      <subfield code="m">SPEC-COLL</subfield>
      <subfield code="r">Y</subfield>
      <subfield code="s">Y</subfield>
      <subfield code="t">NONCIRC</subfield>
      <subfield code="u">6/3/2003</subfield>
    </datafield>
    <datafield tag="999" ind1=" " ind2=" ">
      <subfield code="a">M1010 RG 2 BOX 292</subfield>
      <subfield code="w">ALPHANUM</subfield>
      <subfield code="c">1</subfield>
      <subfield code="i">36105116119178</subfield>
      <subfield code="l">MSS-30</subfield>
      <subfield code="m">SPEC-COLL</subfield>
      <subfield code="r">Y</subfield>
      <subfield code="s">Y</subfield>
      <subfield code="t">NONCIRC</subfield>
      <subfield code="u">6/3/2003</subfield>
    </datafield>
    <datafield tag="999" ind1=" " ind2=" ">
      <subfield code="a">M1010 RG 2 BOX 293</subfield>
      <subfield code="w">ALPHANUM</subfield>
      <subfield code="c">1</subfield>
      <subfield code="i">36105116119186</subfield>
      <subfield code="l">MSS-30</subfield>
      <subfield code="m">SPEC-COLL</subfield>
      <subfield code="r">Y</subfield>
      <subfield code="s">Y</subfield>
      <subfield code="t">NONCIRC</subfield>
      <subfield code="u">6/3/2003</subfield>
    </datafield>
    <datafield tag="999" ind1=" " ind2=" ">
      <subfield code="a">M1010 RG 2 BOX 294</subfield>
      <subfield code="w">ALPHANUM</subfield>
      <subfield code="c">1</subfield>
      <subfield code="i">36105116119194</subfield>
      <subfield code="l">MSS-30</subfield>
      <subfield code="m">SPEC-COLL</subfield>
      <subfield code="r">Y</subfield>
      <subfield code="s">Y</subfield>
      <subfield code="t">NONCIRC</subfield>
      <subfield code="u">6/3/2003</subfield>
    </datafield>
    <datafield tag="999" ind1=" " ind2=" ">
      <subfield code="a">M1010 RG 2 BOX 295</subfield>
      <subfield code="w">ALPHANUM</subfield>
      <subfield code="c">1</subfield>
      <subfield code="i">36105116119202</subfield>
      <subfield code="l">MSS-30</subfield>
      <subfield code="m">SPEC-COLL</subfield>
      <subfield code="r">Y</subfield>
      <subfield code="s">Y</subfield>
      <subfield code="t">NONCIRC</subfield>
      <subfield code="u">6/3/2003</subfield>
    </datafield>
    <datafield tag="999" ind1=" " ind2=" ">
      <subfield code="a">M1010 RG 2 BOX 296</subfield>
      <subfield code="w">ALPHANUM</subfield>
      <subfield code="c">1</subfield>
      <subfield code="i">36105116119210</subfield>
      <subfield code="l">MSS-30</subfield>
      <subfield code="m">SPEC-COLL</subfield>
      <subfield code="r">Y</subfield>
      <subfield code="s">Y</subfield>
      <subfield code="t">NONCIRC</subfield>
      <subfield code="u">6/3/2003</subfield>
    </datafield>
    <datafield tag="999" ind1=" " ind2=" ">
      <subfield code="a">M1010 RG 2 BOX 297</subfield>
      <subfield code="w">ALPHANUM</subfield>
      <subfield code="c">1</subfield>
      <subfield code="i">36105116119228</subfield>
      <subfield code="l">MSS-30</subfield>
      <subfield code="m">SPEC-COLL</subfield>
      <subfield code="r">Y</subfield>
      <subfield code="s">Y</subfield>
      <subfield code="t">NONCIRC</subfield>
      <subfield code="u">6/3/2003</subfield>
    </datafield>
    <datafield tag="999" ind1=" " ind2=" ">
      <subfield code="a">M1010 RG 2 BOX 298</subfield>
      <subfield code="w">ALPHANUM</subfield>
      <subfield code="c">1</subfield>
      <subfield code="i">36105116119236</subfield>
      <subfield code="l">MSS-30</subfield>
      <subfield code="m">SPEC-COLL</subfield>
      <subfield code="r">Y</subfield>
      <subfield code="s">Y</subfield>
      <subfield code="t">NONCIRC</subfield>
      <subfield code="u">6/3/2003</subfield>
    </datafield>
    <datafield tag="999" ind1=" " ind2=" ">
      <subfield code="a">M1010 RG 2 BOX 299</subfield>
      <subfield code="w">ALPHANUM</subfield>
      <subfield code="c">1</subfield>
      <subfield code="i">36105116119244</subfield>
      <subfield code="l">MSS-30</subfield>
      <subfield code="m">SPEC-COLL</subfield>
      <subfield code="r">Y</subfield>
      <subfield code="s">Y</subfield>
      <subfield code="t">NONCIRC</subfield>
      <subfield code="u">6/3/2003</subfield>
    </datafield>
    <datafield tag="999" ind1=" " ind2=" ">
      <subfield code="a">M1010 RG 2 BOX 300</subfield>
      <subfield code="w">ALPHANUM</subfield>
      <subfield code="c">1</subfield>
      <subfield code="i">36105116119251</subfield>
      <subfield code="l">MSS-30</subfield>
      <subfield code="m">SPEC-COLL</subfield>
      <subfield code="r">Y</subfield>
      <subfield code="s">Y</subfield>
      <subfield code="t">NONCIRC</subfield>
      <subfield code="u">6/3/2003</subfield>
    </datafield>
    <datafield tag="999" ind1=" " ind2=" ">
      <subfield code="a">M1010 RG 2 BOX 301</subfield>
      <subfield code="w">ALPHANUM</subfield>
      <subfield code="c">1</subfield>
      <subfield code="i">36105116119269</subfield>
      <subfield code="l">MSS-30</subfield>
      <subfield code="m">SPEC-COLL</subfield>
      <subfield code="r">Y</subfield>
      <subfield code="s">Y</subfield>
      <subfield code="t">NONCIRC</subfield>
      <subfield code="u">6/3/2003</subfield>
    </datafield>
    <datafield tag="999" ind1=" " ind2=" ">
      <subfield code="a">M1010 RG 2 BOX 302</subfield>
      <subfield code="w">ALPHANUM</subfield>
      <subfield code="c">1</subfield>
      <subfield code="i">36105116119277</subfield>
      <subfield code="l">MSS-30</subfield>
      <subfield code="m">SPEC-COLL</subfield>
      <subfield code="r">Y</subfield>
      <subfield code="s">Y</subfield>
      <subfield code="t">NONCIRC</subfield>
      <subfield code="u">6/3/2003</subfield>
    </datafield>
    <datafield tag="999" ind1=" " ind2=" ">
      <subfield code="a">M1010 RG 2 BOX 303</subfield>
      <subfield code="w">ALPHANUM</subfield>
      <subfield code="c">1</subfield>
      <subfield code="i">36105116119285</subfield>
      <subfield code="l">MSS-30</subfield>
      <subfield code="m">SPEC-COLL</subfield>
      <subfield code="r">Y</subfield>
      <subfield code="s">Y</subfield>
      <subfield code="t">NONCIRC</subfield>
      <subfield code="u">6/3/2003</subfield>
    </datafield>
    <datafield tag="999" ind1=" " ind2=" ">
      <subfield code="a">M1010 RG 2 BOX 304</subfield>
      <subfield code="w">ALPHANUM</subfield>
      <subfield code="c">1</subfield>
      <subfield code="i">36105116119293</subfield>
      <subfield code="l">MSS-30</subfield>
      <subfield code="m">SPEC-COLL</subfield>
      <subfield code="r">Y</subfield>
      <subfield code="s">Y</subfield>
      <subfield code="t">NONCIRC</subfield>
      <subfield code="u">6/3/2003</subfield>
    </datafield>
    <datafield tag="999" ind1=" " ind2=" ">
      <subfield code="a">M1010 RG 2 BOX 305</subfield>
      <subfield code="w">ALPHANUM</subfield>
      <subfield code="c">1</subfield>
      <subfield code="i">36105116119301</subfield>
      <subfield code="l">MSS-30</subfield>
      <subfield code="m">SPEC-COLL</subfield>
      <subfield code="r">Y</subfield>
      <subfield code="s">Y</subfield>
      <subfield code="t">NONCIRC</subfield>
      <subfield code="u">6/3/2003</subfield>
    </datafield>
    <datafield tag="999" ind1=" " ind2=" ">
      <subfield code="a">M1010 RG 2 BOX 306</subfield>
      <subfield code="w">ALPHANUM</subfield>
      <subfield code="c">1</subfield>
      <subfield code="i">36105116119319</subfield>
      <subfield code="l">MSS-30</subfield>
      <subfield code="m">SPEC-COLL</subfield>
      <subfield code="r">Y</subfield>
      <subfield code="s">Y</subfield>
      <subfield code="t">NONCIRC</subfield>
      <subfield code="u">6/3/2003</subfield>
    </datafield>
    <datafield tag="999" ind1=" " ind2=" ">
      <subfield code="a">M1010 RG 2 BOX 307</subfield>
      <subfield code="w">ALPHANUM</subfield>
      <subfield code="c">1</subfield>
      <subfield code="i">36105116119327</subfield>
      <subfield code="l">MSS-30</subfield>
      <subfield code="m">SPEC-COLL</subfield>
      <subfield code="r">Y</subfield>
      <subfield code="s">Y</subfield>
      <subfield code="t">NONCIRC</subfield>
      <subfield code="u">6/3/2003</subfield>
    </datafield>
    <datafield tag="999" ind1=" " ind2=" ">
      <subfield code="a">M1010 RG 2 BOX 308</subfield>
      <subfield code="w">ALPHANUM</subfield>
      <subfield code="c">1</subfield>
      <subfield code="i">36105116119335</subfield>
      <subfield code="l">MSS-30</subfield>
      <subfield code="m">SPEC-COLL</subfield>
      <subfield code="r">Y</subfield>
      <subfield code="s">Y</subfield>
      <subfield code="t">NONCIRC</subfield>
      <subfield code="u">6/3/2003</subfield>
    </datafield>
    <datafield tag="999" ind1=" " ind2=" ">
      <subfield code="a">M1010 RG 2 BOX 309</subfield>
      <subfield code="w">ALPHANUM</subfield>
      <subfield code="c">1</subfield>
      <subfield code="i">36105116119343</subfield>
      <subfield code="l">MSS-30</subfield>
      <subfield code="m">SPEC-COLL</subfield>
      <subfield code="r">Y</subfield>
      <subfield code="s">Y</subfield>
      <subfield code="t">NONCIRC</subfield>
      <subfield code="u">6/3/2003</subfield>
    </datafield>
    <datafield tag="999" ind1=" " ind2=" ">
      <subfield code="a">M1010 RG 2 BOX 310</subfield>
      <subfield code="w">ALPHANUM</subfield>
      <subfield code="c">1</subfield>
      <subfield code="i">36105116123550</subfield>
      <subfield code="l">MSS-30</subfield>
      <subfield code="m">SPEC-COLL</subfield>
      <subfield code="r">Y</subfield>
      <subfield code="s">Y</subfield>
      <subfield code="t">NONCIRC</subfield>
      <subfield code="u">6/3/2003</subfield>
    </datafield>
    <datafield tag="999" ind1=" " ind2=" ">
      <subfield code="a">M1010 RG 2 BOX 258</subfield>
      <subfield code="w">ALPHANUM</subfield>
      <subfield code="c">1</subfield>
      <subfield code="i">36105116122214</subfield>
      <subfield code="l">MSS-30</subfield>
      <subfield code="m">SPEC-COLL</subfield>
      <subfield code="r">Y</subfield>
      <subfield code="s">Y</subfield>
      <subfield code="t">NONCIRC</subfield>
      <subfield code="u">6/3/2003</subfield>
    </datafield>
    <datafield tag="999" ind1=" " ind2=" ">
      <subfield code="a">M1010 RG 2 BOX 259</subfield>
      <subfield code="w">ALPHANUM</subfield>
      <subfield code="c">1</subfield>
      <subfield code="i">36105116122222</subfield>
      <subfield code="l">MSS-30</subfield>
      <subfield code="m">SPEC-COLL</subfield>
      <subfield code="r">Y</subfield>
      <subfield code="s">Y</subfield>
      <subfield code="t">NONCIRC</subfield>
      <subfield code="u">6/3/2003</subfield>
    </datafield>
    <datafield tag="999" ind1=" " ind2=" ">
      <subfield code="a">M1010 RG 2 BOX 260</subfield>
      <subfield code="w">ALPHANUM</subfield>
      <subfield code="c">1</subfield>
      <subfield code="i">36105116122230</subfield>
      <subfield code="l">MSS-30</subfield>
      <subfield code="m">SPEC-COLL</subfield>
      <subfield code="r">Y</subfield>
      <subfield code="s">Y</subfield>
      <subfield code="t">NONCIRC</subfield>
      <subfield code="u">6/3/2003</subfield>
    </datafield>
    <datafield tag="999" ind1=" " ind2=" ">
      <subfield code="a">M1010 RG 2 BOX 261</subfield>
      <subfield code="w">ALPHANUM</subfield>
      <subfield code="c">1</subfield>
      <subfield code="i">36105116122248</subfield>
      <subfield code="l">MSS-30</subfield>
      <subfield code="m">SPEC-COLL</subfield>
      <subfield code="r">Y</subfield>
      <subfield code="s">Y</subfield>
      <subfield code="t">NONCIRC</subfield>
      <subfield code="u">6/3/2003</subfield>
    </datafield>
    <datafield tag="999" ind1=" " ind2=" ">
      <subfield code="a">M1010 RG 2 BOX 262</subfield>
      <subfield code="w">ALPHANUM</subfield>
      <subfield code="c">1</subfield>
      <subfield code="i">36105116122255</subfield>
      <subfield code="l">MSS-30</subfield>
      <subfield code="m">SPEC-COLL</subfield>
      <subfield code="r">Y</subfield>
      <subfield code="s">Y</subfield>
      <subfield code="t">NONCIRC</subfield>
      <subfield code="u">6/3/2003</subfield>
    </datafield>
    <datafield tag="999" ind1=" " ind2=" ">
      <subfield code="a">M1010 RG 2 BOX 263</subfield>
      <subfield code="w">ALPHANUM</subfield>
      <subfield code="c">1</subfield>
      <subfield code="i">36105116122263</subfield>
      <subfield code="l">MSS-30</subfield>
      <subfield code="m">SPEC-COLL</subfield>
      <subfield code="r">Y</subfield>
      <subfield code="s">Y</subfield>
      <subfield code="t">NONCIRC</subfield>
      <subfield code="u">6/3/2003</subfield>
    </datafield>
    <datafield tag="999" ind1=" " ind2=" ">
      <subfield code="a">M1010 RG 2 BOX 264</subfield>
      <subfield code="w">ALPHANUM</subfield>
      <subfield code="c">1</subfield>
      <subfield code="i">36105116122271</subfield>
      <subfield code="l">MSS-30</subfield>
      <subfield code="m">SPEC-COLL</subfield>
      <subfield code="r">Y</subfield>
      <subfield code="s">Y</subfield>
      <subfield code="t">NONCIRC</subfield>
      <subfield code="u">6/3/2003</subfield>
    </datafield>
    <datafield tag="999" ind1=" " ind2=" ">
      <subfield code="a">M1010 RG 2 BOX 265</subfield>
      <subfield code="w">ALPHANUM</subfield>
      <subfield code="c">1</subfield>
      <subfield code="i">36105116122289</subfield>
      <subfield code="l">MSS-30</subfield>
      <subfield code="m">SPEC-COLL</subfield>
      <subfield code="r">Y</subfield>
      <subfield code="s">Y</subfield>
      <subfield code="t">NONCIRC</subfield>
      <subfield code="u">6/3/2003</subfield>
    </datafield>
    <datafield tag="999" ind1=" " ind2=" ">
      <subfield code="a">M1010 RG 2 BOX 266</subfield>
      <subfield code="w">ALPHANUM</subfield>
      <subfield code="c">1</subfield>
      <subfield code="i">36105116122297</subfield>
      <subfield code="l">MSS-30</subfield>
      <subfield code="m">SPEC-COLL</subfield>
      <subfield code="r">Y</subfield>
      <subfield code="s">Y</subfield>
      <subfield code="t">NONCIRC</subfield>
      <subfield code="u">6/3/2003</subfield>
    </datafield>
    <datafield tag="999" ind1=" " ind2=" ">
      <subfield code="a">M1010 RG 2 BOX 267</subfield>
      <subfield code="w">ALPHANUM</subfield>
      <subfield code="c">1</subfield>
      <subfield code="i">36105116122305</subfield>
      <subfield code="l">MSS-30</subfield>
      <subfield code="m">SPEC-COLL</subfield>
      <subfield code="r">Y</subfield>
      <subfield code="s">Y</subfield>
      <subfield code="t">NONCIRC</subfield>
      <subfield code="u">6/3/2003</subfield>
    </datafield>
    <datafield tag="999" ind1=" " ind2=" ">
      <subfield code="a">M1010 RG 2 BOX 268</subfield>
      <subfield code="w">ALPHANUM</subfield>
      <subfield code="c">1</subfield>
      <subfield code="i">36105116122313</subfield>
      <subfield code="l">MSS-30</subfield>
      <subfield code="m">SPEC-COLL</subfield>
      <subfield code="r">Y</subfield>
      <subfield code="s">Y</subfield>
      <subfield code="t">NONCIRC</subfield>
      <subfield code="u">6/3/2003</subfield>
    </datafield>
    <datafield tag="999" ind1=" " ind2=" ">
      <subfield code="a">M1010 RG 2 BOX 269</subfield>
      <subfield code="w">ALPHANUM</subfield>
      <subfield code="c">1</subfield>
      <subfield code="i">36105116122321</subfield>
      <subfield code="l">MSS-30</subfield>
      <subfield code="m">SPEC-COLL</subfield>
      <subfield code="r">Y</subfield>
      <subfield code="s">Y</subfield>
      <subfield code="t">NONCIRC</subfield>
      <subfield code="u">6/3/2003</subfield>
    </datafield>
    <datafield tag="999" ind1=" " ind2=" ">
      <subfield code="a">M1010 RG 2 BOX 270</subfield>
      <subfield code="w">ALPHANUM</subfield>
      <subfield code="c">1</subfield>
      <subfield code="i">36105116122339</subfield>
      <subfield code="l">MSS-30</subfield>
      <subfield code="m">SPEC-COLL</subfield>
      <subfield code="r">Y</subfield>
      <subfield code="s">Y</subfield>
      <subfield code="t">NONCIRC</subfield>
      <subfield code="u">6/3/2003</subfield>
    </datafield>
    <datafield tag="999" ind1=" " ind2=" ">
      <subfield code="a">M1010 RG 2 BOX 271</subfield>
      <subfield code="w">ALPHANUM</subfield>
      <subfield code="c">1</subfield>
      <subfield code="i">36105116122347</subfield>
      <subfield code="l">MSS-30</subfield>
      <subfield code="m">SPEC-COLL</subfield>
      <subfield code="r">Y</subfield>
      <subfield code="s">Y</subfield>
      <subfield code="t">NONCIRC</subfield>
      <subfield code="u">6/3/2003</subfield>
    </datafield>
    <datafield tag="999" ind1=" " ind2=" ">
      <subfield code="a">M1010 RG 2 BOX 272</subfield>
      <subfield code="w">ALPHANUM</subfield>
      <subfield code="c">1</subfield>
      <subfield code="i">36105116122354</subfield>
      <subfield code="l">MSS-30</subfield>
      <subfield code="m">SPEC-COLL</subfield>
      <subfield code="r">Y</subfield>
      <subfield code="s">Y</subfield>
      <subfield code="t">NONCIRC</subfield>
      <subfield code="u">6/3/2003</subfield>
    </datafield>
    <datafield tag="999" ind1=" " ind2=" ">
      <subfield code="a">M1010 RG 2 BOX 273</subfield>
      <subfield code="w">ALPHANUM</subfield>
      <subfield code="c">1</subfield>
      <subfield code="i">36105116122362</subfield>
      <subfield code="l">MSS-30</subfield>
      <subfield code="m">SPEC-COLL</subfield>
      <subfield code="r">Y</subfield>
      <subfield code="s">Y</subfield>
      <subfield code="t">NONCIRC</subfield>
      <subfield code="u">6/3/2003</subfield>
    </datafield>
    <datafield tag="999" ind1=" " ind2=" ">
      <subfield code="a">M1010 RG 2 BOX 274</subfield>
      <subfield code="w">ALPHANUM</subfield>
      <subfield code="c">1</subfield>
      <subfield code="i">36105116122370</subfield>
      <subfield code="l">MSS-30</subfield>
      <subfield code="m">SPEC-COLL</subfield>
      <subfield code="r">Y</subfield>
      <subfield code="s">Y</subfield>
      <subfield code="t">NONCIRC</subfield>
      <subfield code="u">6/3/2003</subfield>
    </datafield>
    <datafield tag="999" ind1=" " ind2=" ">
      <subfield code="a">M1010 RG 2 BOX 275</subfield>
      <subfield code="w">ALPHANUM</subfield>
      <subfield code="c">1</subfield>
      <subfield code="i">36105116122388</subfield>
      <subfield code="l">MSS-30</subfield>
      <subfield code="m">SPEC-COLL</subfield>
      <subfield code="r">Y</subfield>
      <subfield code="s">Y</subfield>
      <subfield code="t">NONCIRC</subfield>
      <subfield code="u">6/3/2003</subfield>
    </datafield>
    <datafield tag="999" ind1=" " ind2=" ">
      <subfield code="a">M1010 RG 2 BOX 276</subfield>
      <subfield code="w">ALPHANUM</subfield>
      <subfield code="c">1</subfield>
      <subfield code="i">36105116122396</subfield>
      <subfield code="l">MSS-30</subfield>
      <subfield code="m">SPEC-COLL</subfield>
      <subfield code="r">Y</subfield>
      <subfield code="s">Y</subfield>
      <subfield code="t">NONCIRC</subfield>
      <subfield code="u">6/3/2003</subfield>
    </datafield>
    <datafield tag="999" ind1=" " ind2=" ">
      <subfield code="a">M1010 RG 2 BOX 277</subfield>
      <subfield code="w">ALPHANUM</subfield>
      <subfield code="c">1</subfield>
      <subfield code="i">36105116122404</subfield>
      <subfield code="l">MSS-30</subfield>
      <subfield code="m">SPEC-COLL</subfield>
      <subfield code="r">Y</subfield>
      <subfield code="s">Y</subfield>
      <subfield code="t">NONCIRC</subfield>
      <subfield code="u">6/3/2003</subfield>
    </datafield>
    <datafield tag="999" ind1=" " ind2=" ">
      <subfield code="a">M1010 RG 2 BOX 278</subfield>
      <subfield code="w">ALPHANUM</subfield>
      <subfield code="c">1</subfield>
      <subfield code="i">36105116122412</subfield>
      <subfield code="l">MSS-30</subfield>
      <subfield code="m">SPEC-COLL</subfield>
      <subfield code="r">Y</subfield>
      <subfield code="s">Y</subfield>
      <subfield code="t">NONCIRC</subfield>
      <subfield code="u">6/3/2003</subfield>
    </datafield>
    <datafield tag="999" ind1=" " ind2=" ">
      <subfield code="a">M1010 RG 2 BOX 279</subfield>
      <subfield code="w">ALPHANUM</subfield>
      <subfield code="c">1</subfield>
      <subfield code="i">36105116122420</subfield>
      <subfield code="l">MSS-30</subfield>
      <subfield code="m">SPEC-COLL</subfield>
      <subfield code="r">Y</subfield>
      <subfield code="s">Y</subfield>
      <subfield code="t">NONCIRC</subfield>
      <subfield code="u">6/3/2003</subfield>
    </datafield>
    <datafield tag="999" ind1=" " ind2=" ">
      <subfield code="a">M1010 RG 2 BOX 280</subfield>
      <subfield code="w">ALPHANUM</subfield>
      <subfield code="c">1</subfield>
      <subfield code="i">36105116122438</subfield>
      <subfield code="l">MSS-30</subfield>
      <subfield code="m">SPEC-COLL</subfield>
      <subfield code="r">Y</subfield>
      <subfield code="s">Y</subfield>
      <subfield code="t">NONCIRC</subfield>
      <subfield code="u">6/3/2003</subfield>
    </datafield>
    <datafield tag="999" ind1=" " ind2=" ">
      <subfield code="a">M1010 RG 2 BOX 281</subfield>
      <subfield code="w">ALPHANUM</subfield>
      <subfield code="c">1</subfield>
      <subfield code="i">36105116122446</subfield>
      <subfield code="l">MSS-30</subfield>
      <subfield code="m">SPEC-COLL</subfield>
      <subfield code="r">Y</subfield>
      <subfield code="s">Y</subfield>
      <subfield code="t">NONCIRC</subfield>
      <subfield code="u">6/3/2003</subfield>
    </datafield>
    <datafield tag="999" ind1=" " ind2=" ">
      <subfield code="a">M1010 RG 2 BOX 282</subfield>
      <subfield code="w">ALPHANUM</subfield>
      <subfield code="c">1</subfield>
      <subfield code="i">36105116122453</subfield>
      <subfield code="l">MSS-30</subfield>
      <subfield code="m">SPEC-COLL</subfield>
      <subfield code="r">Y</subfield>
      <subfield code="s">Y</subfield>
      <subfield code="t">NONCIRC</subfield>
      <subfield code="u">6/3/2003</subfield>
    </datafield>
    <datafield tag="999" ind1=" " ind2=" ">
      <subfield code="a">M1010 RG 2 BOX 283</subfield>
      <subfield code="w">ALPHANUM</subfield>
      <subfield code="c">1</subfield>
      <subfield code="i">36105116122461</subfield>
      <subfield code="l">MSS-30</subfield>
      <subfield code="m">SPEC-COLL</subfield>
      <subfield code="r">Y</subfield>
      <subfield code="s">Y</subfield>
      <subfield code="t">NONCIRC</subfield>
      <subfield code="u">6/3/2003</subfield>
    </datafield>
    <datafield tag="999" ind1=" " ind2=" ">
      <subfield code="a">M1010 RG 2 BOX 230</subfield>
      <subfield code="w">ALPHANUM</subfield>
      <subfield code="c">1</subfield>
      <subfield code="i">36105116121935</subfield>
      <subfield code="l">MSS-30</subfield>
      <subfield code="m">SPEC-COLL</subfield>
      <subfield code="r">Y</subfield>
      <subfield code="s">Y</subfield>
      <subfield code="t">NONCIRC</subfield>
      <subfield code="u">6/3/2003</subfield>
    </datafield>
    <datafield tag="999" ind1=" " ind2=" ">
      <subfield code="a">M1010 RG 2 BOX 231</subfield>
      <subfield code="w">ALPHANUM</subfield>
      <subfield code="c">1</subfield>
      <subfield code="i">36105116121943</subfield>
      <subfield code="l">MSS-30</subfield>
      <subfield code="m">SPEC-COLL</subfield>
      <subfield code="r">Y</subfield>
      <subfield code="s">Y</subfield>
      <subfield code="t">NONCIRC</subfield>
      <subfield code="u">6/3/2003</subfield>
    </datafield>
    <datafield tag="999" ind1=" " ind2=" ">
      <subfield code="a">M1010 RG 2 BOX 232</subfield>
      <subfield code="w">ALPHANUM</subfield>
      <subfield code="c">1</subfield>
      <subfield code="i">36105116121950</subfield>
      <subfield code="l">MSS-30</subfield>
      <subfield code="m">SPEC-COLL</subfield>
      <subfield code="r">Y</subfield>
      <subfield code="s">Y</subfield>
      <subfield code="t">NONCIRC</subfield>
      <subfield code="u">6/3/2003</subfield>
    </datafield>
    <datafield tag="999" ind1=" " ind2=" ">
      <subfield code="a">M1010 RG 2 BOX 233</subfield>
      <subfield code="w">ALPHANUM</subfield>
      <subfield code="c">1</subfield>
      <subfield code="i">36105116121968</subfield>
      <subfield code="l">MSS-30</subfield>
      <subfield code="m">SPEC-COLL</subfield>
      <subfield code="r">Y</subfield>
      <subfield code="s">Y</subfield>
      <subfield code="t">NONCIRC</subfield>
      <subfield code="u">6/3/2003</subfield>
    </datafield>
    <datafield tag="999" ind1=" " ind2=" ">
      <subfield code="a">M1010 RG 2 BOX 234</subfield>
      <subfield code="w">ALPHANUM</subfield>
      <subfield code="c">1</subfield>
      <subfield code="i">36105116121976</subfield>
      <subfield code="l">MSS-30</subfield>
      <subfield code="m">SPEC-COLL</subfield>
      <subfield code="r">Y</subfield>
      <subfield code="s">Y</subfield>
      <subfield code="t">NONCIRC</subfield>
      <subfield code="u">6/3/2003</subfield>
    </datafield>
    <datafield tag="999" ind1=" " ind2=" ">
      <subfield code="a">M1010 RG 2 BOX 235</subfield>
      <subfield code="w">ALPHANUM</subfield>
      <subfield code="c">1</subfield>
      <subfield code="i">36105116121984</subfield>
      <subfield code="l">MSS-30</subfield>
      <subfield code="m">SPEC-COLL</subfield>
      <subfield code="r">Y</subfield>
      <subfield code="s">Y</subfield>
      <subfield code="t">NONCIRC</subfield>
      <subfield code="u">6/3/2003</subfield>
    </datafield>
    <datafield tag="999" ind1=" " ind2=" ">
      <subfield code="a">M1010 RG 2 BOX 236</subfield>
      <subfield code="w">ALPHANUM</subfield>
      <subfield code="c">1</subfield>
      <subfield code="i">36105116121992</subfield>
      <subfield code="l">MSS-30</subfield>
      <subfield code="m">SPEC-COLL</subfield>
      <subfield code="r">Y</subfield>
      <subfield code="s">Y</subfield>
      <subfield code="t">NONCIRC</subfield>
      <subfield code="u">6/3/2003</subfield>
    </datafield>
    <datafield tag="999" ind1=" " ind2=" ">
      <subfield code="a">M1010 RG 2 BOX 237</subfield>
      <subfield code="w">ALPHANUM</subfield>
      <subfield code="c">1</subfield>
      <subfield code="i">36105116122008</subfield>
      <subfield code="l">MSS-30</subfield>
      <subfield code="m">SPEC-COLL</subfield>
      <subfield code="r">Y</subfield>
      <subfield code="s">Y</subfield>
      <subfield code="t">NONCIRC</subfield>
      <subfield code="u">6/3/2003</subfield>
    </datafield>
    <datafield tag="999" ind1=" " ind2=" ">
      <subfield code="a">M1010 RG 2 BOX 238</subfield>
      <subfield code="w">ALPHANUM</subfield>
      <subfield code="c">1</subfield>
      <subfield code="i">36105116122016</subfield>
      <subfield code="l">MSS-30</subfield>
      <subfield code="m">SPEC-COLL</subfield>
      <subfield code="r">Y</subfield>
      <subfield code="s">Y</subfield>
      <subfield code="t">NONCIRC</subfield>
      <subfield code="u">6/3/2003</subfield>
    </datafield>
    <datafield tag="999" ind1=" " ind2=" ">
      <subfield code="a">M1010 RG 2 BOX 239</subfield>
      <subfield code="w">ALPHANUM</subfield>
      <subfield code="c">1</subfield>
      <subfield code="i">36105116122024</subfield>
      <subfield code="l">MSS-30</subfield>
      <subfield code="m">SPEC-COLL</subfield>
      <subfield code="r">Y</subfield>
      <subfield code="s">Y</subfield>
      <subfield code="t">NONCIRC</subfield>
      <subfield code="u">6/3/2003</subfield>
    </datafield>
    <datafield tag="999" ind1=" " ind2=" ">
      <subfield code="a">M1010 RG 2 BOX 240</subfield>
      <subfield code="w">ALPHANUM</subfield>
      <subfield code="c">1</subfield>
      <subfield code="i">36105116122032</subfield>
      <subfield code="l">MSS-30</subfield>
      <subfield code="m">SPEC-COLL</subfield>
      <subfield code="r">Y</subfield>
      <subfield code="s">Y</subfield>
      <subfield code="t">NONCIRC</subfield>
      <subfield code="u">6/3/2003</subfield>
    </datafield>
    <datafield tag="999" ind1=" " ind2=" ">
      <subfield code="a">M1010 RG 2 BOX 241</subfield>
      <subfield code="w">ALPHANUM</subfield>
      <subfield code="c">1</subfield>
      <subfield code="i">36105116122040</subfield>
      <subfield code="l">MSS-30</subfield>
      <subfield code="m">SPEC-COLL</subfield>
      <subfield code="r">Y</subfield>
      <subfield code="s">Y</subfield>
      <subfield code="t">NONCIRC</subfield>
      <subfield code="u">6/3/2003</subfield>
    </datafield>
    <datafield tag="999" ind1=" " ind2=" ">
      <subfield code="a">M1010 RG 2 BOX 242</subfield>
      <subfield code="w">ALPHANUM</subfield>
      <subfield code="c">1</subfield>
      <subfield code="i">36105116122057</subfield>
      <subfield code="l">MSS-30</subfield>
      <subfield code="m">SPEC-COLL</subfield>
      <subfield code="r">Y</subfield>
      <subfield code="s">Y</subfield>
      <subfield code="t">NONCIRC</subfield>
      <subfield code="u">6/3/2003</subfield>
    </datafield>
    <datafield tag="999" ind1=" " ind2=" ">
      <subfield code="a">M1010 RG 2 BOX 243</subfield>
      <subfield code="w">ALPHANUM</subfield>
      <subfield code="c">1</subfield>
      <subfield code="i">36105116122065</subfield>
      <subfield code="l">MSS-30</subfield>
      <subfield code="m">SPEC-COLL</subfield>
      <subfield code="r">Y</subfield>
      <subfield code="s">Y</subfield>
      <subfield code="t">NONCIRC</subfield>
      <subfield code="u">6/3/2003</subfield>
    </datafield>
    <datafield tag="999" ind1=" " ind2=" ">
      <subfield code="a">M1010 RG 2 BOX 244</subfield>
      <subfield code="w">ALPHANUM</subfield>
      <subfield code="c">1</subfield>
      <subfield code="i">36105116122073</subfield>
      <subfield code="l">MSS-30</subfield>
      <subfield code="m">SPEC-COLL</subfield>
      <subfield code="r">Y</subfield>
      <subfield code="s">Y</subfield>
      <subfield code="t">NONCIRC</subfield>
      <subfield code="u">6/3/2003</subfield>
    </datafield>
    <datafield tag="999" ind1=" " ind2=" ">
      <subfield code="a">M1010 RG 2 BOX 245</subfield>
      <subfield code="w">ALPHANUM</subfield>
      <subfield code="c">1</subfield>
      <subfield code="i">36105116122081</subfield>
      <subfield code="l">MSS-30</subfield>
      <subfield code="m">SPEC-COLL</subfield>
      <subfield code="r">Y</subfield>
      <subfield code="s">Y</subfield>
      <subfield code="t">NONCIRC</subfield>
      <subfield code="u">6/3/2003</subfield>
    </datafield>
    <datafield tag="999" ind1=" " ind2=" ">
      <subfield code="a">M1010 RG 2 BOX 246</subfield>
      <subfield code="w">ALPHANUM</subfield>
      <subfield code="c">1</subfield>
      <subfield code="i">36105116122099</subfield>
      <subfield code="l">MSS-30</subfield>
      <subfield code="m">SPEC-COLL</subfield>
      <subfield code="r">Y</subfield>
      <subfield code="s">Y</subfield>
      <subfield code="t">NONCIRC</subfield>
      <subfield code="u">6/3/2003</subfield>
    </datafield>
    <datafield tag="999" ind1=" " ind2=" ">
      <subfield code="a">M1010 RG 2 BOX 247</subfield>
      <subfield code="w">ALPHANUM</subfield>
      <subfield code="c">1</subfield>
      <subfield code="i">36105116122107</subfield>
      <subfield code="l">MSS-30</subfield>
      <subfield code="m">SPEC-COLL</subfield>
      <subfield code="r">Y</subfield>
      <subfield code="s">Y</subfield>
      <subfield code="t">NONCIRC</subfield>
      <subfield code="u">6/3/2003</subfield>
    </datafield>
    <datafield tag="999" ind1=" " ind2=" ">
      <subfield code="a">M1010 RG 2 BOX 248</subfield>
      <subfield code="w">ALPHANUM</subfield>
      <subfield code="c">1</subfield>
      <subfield code="i">36105116122115</subfield>
      <subfield code="l">MSS-30</subfield>
      <subfield code="m">SPEC-COLL</subfield>
      <subfield code="r">Y</subfield>
      <subfield code="s">Y</subfield>
      <subfield code="t">NONCIRC</subfield>
      <subfield code="u">6/3/2003</subfield>
    </datafield>
    <datafield tag="999" ind1=" " ind2=" ">
      <subfield code="a">M1010 RG 2 BOX 249</subfield>
      <subfield code="w">ALPHANUM</subfield>
      <subfield code="c">1</subfield>
      <subfield code="i">36105116122123</subfield>
      <subfield code="l">MSS-30</subfield>
      <subfield code="m">SPEC-COLL</subfield>
      <subfield code="r">Y</subfield>
      <subfield code="s">Y</subfield>
      <subfield code="t">NONCIRC</subfield>
      <subfield code="u">6/3/2003</subfield>
    </datafield>
    <datafield tag="999" ind1=" " ind2=" ">
      <subfield code="a">M1010 RG 2 BOX 250</subfield>
      <subfield code="w">ALPHANUM</subfield>
      <subfield code="c">1</subfield>
      <subfield code="i">36105116122131</subfield>
      <subfield code="l">MSS-30</subfield>
      <subfield code="m">SPEC-COLL</subfield>
      <subfield code="r">Y</subfield>
      <subfield code="s">Y</subfield>
      <subfield code="t">NONCIRC</subfield>
      <subfield code="u">6/3/2003</subfield>
    </datafield>
    <datafield tag="999" ind1=" " ind2=" ">
      <subfield code="a">M1010 RG 2 BOX 251</subfield>
      <subfield code="w">ALPHANUM</subfield>
      <subfield code="c">1</subfield>
      <subfield code="i">36105116122149</subfield>
      <subfield code="l">MSS-30</subfield>
      <subfield code="m">SPEC-COLL</subfield>
      <subfield code="r">Y</subfield>
      <subfield code="s">Y</subfield>
      <subfield code="t">NONCIRC</subfield>
      <subfield code="u">6/3/2003</subfield>
    </datafield>
    <datafield tag="999" ind1=" " ind2=" ">
      <subfield code="a">M1010 RG 2 BOX 252</subfield>
      <subfield code="w">ALPHANUM</subfield>
      <subfield code="c">1</subfield>
      <subfield code="i">36105116122156</subfield>
      <subfield code="l">MSS-30</subfield>
      <subfield code="m">SPEC-COLL</subfield>
      <subfield code="r">Y</subfield>
      <subfield code="s">Y</subfield>
      <subfield code="t">NONCIRC</subfield>
      <subfield code="u">6/3/2003</subfield>
    </datafield>
    <datafield tag="999" ind1=" " ind2=" ">
      <subfield code="a">M1010 RG 2 BOX 253</subfield>
      <subfield code="w">ALPHANUM</subfield>
      <subfield code="c">1</subfield>
      <subfield code="i">36105116122164</subfield>
      <subfield code="l">MSS-30</subfield>
      <subfield code="m">SPEC-COLL</subfield>
      <subfield code="r">Y</subfield>
      <subfield code="s">Y</subfield>
      <subfield code="t">NONCIRC</subfield>
      <subfield code="u">6/3/2003</subfield>
    </datafield>
    <datafield tag="999" ind1=" " ind2=" ">
      <subfield code="a">M1010 RG 2 BOX 254</subfield>
      <subfield code="w">ALPHANUM</subfield>
      <subfield code="c">1</subfield>
      <subfield code="i">36105116122172</subfield>
      <subfield code="l">MSS-30</subfield>
      <subfield code="m">SPEC-COLL</subfield>
      <subfield code="r">Y</subfield>
      <subfield code="s">Y</subfield>
      <subfield code="t">NONCIRC</subfield>
      <subfield code="u">6/3/2003</subfield>
    </datafield>
    <datafield tag="999" ind1=" " ind2=" ">
      <subfield code="a">M1010 RG 2 BOX 255</subfield>
      <subfield code="w">ALPHANUM</subfield>
      <subfield code="c">1</subfield>
      <subfield code="i">36105116122180</subfield>
      <subfield code="l">MSS-30</subfield>
      <subfield code="m">SPEC-COLL</subfield>
      <subfield code="r">Y</subfield>
      <subfield code="s">Y</subfield>
      <subfield code="t">NONCIRC</subfield>
      <subfield code="u">6/3/2003</subfield>
    </datafield>
    <datafield tag="999" ind1=" " ind2=" ">
      <subfield code="a">M1010 RG 2 BOX 256</subfield>
      <subfield code="w">ALPHANUM</subfield>
      <subfield code="c">1</subfield>
      <subfield code="i">36105116122198</subfield>
      <subfield code="l">MSS-30</subfield>
      <subfield code="m">SPEC-COLL</subfield>
      <subfield code="r">Y</subfield>
      <subfield code="s">Y</subfield>
      <subfield code="t">NONCIRC</subfield>
      <subfield code="u">6/3/2003</subfield>
    </datafield>
    <datafield tag="999" ind1=" " ind2=" ">
      <subfield code="a">M1010 RG 2 BOX 257</subfield>
      <subfield code="w">ALPHANUM</subfield>
      <subfield code="c">1</subfield>
      <subfield code="i">36105116122206</subfield>
      <subfield code="l">MSS-30</subfield>
      <subfield code="m">SPEC-COLL</subfield>
      <subfield code="r">Y</subfield>
      <subfield code="s">Y</subfield>
      <subfield code="t">NONCIRC</subfield>
      <subfield code="u">6/3/2003</subfield>
    </datafield>
    <datafield tag="999" ind1=" " ind2=" ">
      <subfield code="a">M1010 RG 2 FLAT BOX 204</subfield>
      <subfield code="w">ALPHANUM</subfield>
      <subfield code="c">1</subfield>
      <subfield code="i">36105116121679</subfield>
      <subfield code="l">MSS-30</subfield>
      <subfield code="m">SPEC-COLL</subfield>
      <subfield code="r">Y</subfield>
      <subfield code="s">Y</subfield>
      <subfield code="t">NONCIRC</subfield>
      <subfield code="u">6/3/2003</subfield>
    </datafield>
    <datafield tag="999" ind1=" " ind2=" ">
      <subfield code="a">M1010 RG 2 FLAT BOX 205</subfield>
      <subfield code="w">ALPHANUM</subfield>
      <subfield code="c">1</subfield>
      <subfield code="i">36105116121687</subfield>
      <subfield code="l">MSS-30</subfield>
      <subfield code="m">SPEC-COLL</subfield>
      <subfield code="r">Y</subfield>
      <subfield code="s">Y</subfield>
      <subfield code="t">NONCIRC</subfield>
      <subfield code="u">6/3/2003</subfield>
    </datafield>
    <datafield tag="999" ind1=" " ind2=" ">
      <subfield code="a">M1010 RG 2 FLAT BOX 208</subfield>
      <subfield code="w">ALPHANUM</subfield>
      <subfield code="c">1</subfield>
      <subfield code="i">36105116121711</subfield>
      <subfield code="l">MSS-30</subfield>
      <subfield code="m">SPEC-COLL</subfield>
      <subfield code="r">Y</subfield>
      <subfield code="s">Y</subfield>
      <subfield code="t">NONCIRC</subfield>
      <subfield code="u">6/3/2003</subfield>
    </datafield>
    <datafield tag="999" ind1=" " ind2=" ">
      <subfield code="a">M1010 RG 2 FLAT BOX 210</subfield>
      <subfield code="w">ALPHANUM</subfield>
      <subfield code="c">1</subfield>
      <subfield code="i">36105116121737</subfield>
      <subfield code="l">MSS-30</subfield>
      <subfield code="m">SPEC-COLL</subfield>
      <subfield code="r">Y</subfield>
      <subfield code="s">Y</subfield>
      <subfield code="t">NONCIRC</subfield>
      <subfield code="u">6/3/2003</subfield>
    </datafield>
    <datafield tag="999" ind1=" " ind2=" ">
      <subfield code="a">M1010 RG 2 FLAT BOX 211</subfield>
      <subfield code="w">ALPHANUM</subfield>
      <subfield code="c">1</subfield>
      <subfield code="i">36105116121745</subfield>
      <subfield code="l">MSS-30</subfield>
      <subfield code="m">SPEC-COLL</subfield>
      <subfield code="r">Y</subfield>
      <subfield code="s">Y</subfield>
      <subfield code="t">NONCIRC</subfield>
      <subfield code="u">6/3/2003</subfield>
    </datafield>
    <datafield tag="999" ind1=" " ind2=" ">
      <subfield code="a">M1010 RG 2 FLAT BOX 212</subfield>
      <subfield code="w">ALPHANUM</subfield>
      <subfield code="c">1</subfield>
      <subfield code="i">36105116121752</subfield>
      <subfield code="l">MSS-30</subfield>
      <subfield code="m">SPEC-COLL</subfield>
      <subfield code="r">Y</subfield>
      <subfield code="s">Y</subfield>
      <subfield code="t">NONCIRC</subfield>
      <subfield code="u">6/3/2003</subfield>
    </datafield>
    <datafield tag="999" ind1=" " ind2=" ">
      <subfield code="a">M1010 RG 2 FLAT BOX 213</subfield>
      <subfield code="w">ALPHANUM</subfield>
      <subfield code="c">1</subfield>
      <subfield code="i">36105116121760</subfield>
      <subfield code="l">MSS-30</subfield>
      <subfield code="m">SPEC-COLL</subfield>
      <subfield code="r">Y</subfield>
      <subfield code="s">Y</subfield>
      <subfield code="t">NONCIRC</subfield>
      <subfield code="u">6/3/2003</subfield>
    </datafield>
    <datafield tag="999" ind1=" " ind2=" ">
      <subfield code="a">M1010 RG 2 FLAT BOX 214</subfield>
      <subfield code="w">ALPHANUM</subfield>
      <subfield code="c">1</subfield>
      <subfield code="i">36105116121778</subfield>
      <subfield code="l">MSS-30</subfield>
      <subfield code="m">SPEC-COLL</subfield>
      <subfield code="r">Y</subfield>
      <subfield code="s">Y</subfield>
      <subfield code="t">NONCIRC</subfield>
      <subfield code="u">6/3/2003</subfield>
    </datafield>
    <datafield tag="999" ind1=" " ind2=" ">
      <subfield code="a">M1010 RG 2 FLAT BOX 215</subfield>
      <subfield code="w">ALPHANUM</subfield>
      <subfield code="c">1</subfield>
      <subfield code="i">36105116121786</subfield>
      <subfield code="l">MSS-30</subfield>
      <subfield code="m">SPEC-COLL</subfield>
      <subfield code="r">Y</subfield>
      <subfield code="s">Y</subfield>
      <subfield code="t">NONCIRC</subfield>
      <subfield code="u">6/3/2003</subfield>
    </datafield>
    <datafield tag="999" ind1=" " ind2=" ">
      <subfield code="a">M1010 RG 2 FLAT BOX 216</subfield>
      <subfield code="w">ALPHANUM</subfield>
      <subfield code="c">1</subfield>
      <subfield code="i">36105116121794</subfield>
      <subfield code="l">MSS-30</subfield>
      <subfield code="m">SPEC-COLL</subfield>
      <subfield code="r">Y</subfield>
      <subfield code="s">Y</subfield>
      <subfield code="t">NONCIRC</subfield>
      <subfield code="u">6/3/2003</subfield>
    </datafield>
    <datafield tag="999" ind1=" " ind2=" ">
      <subfield code="a">M1010 RG 2 FLAT BOX 217</subfield>
      <subfield code="w">ALPHANUM</subfield>
      <subfield code="c">1</subfield>
      <subfield code="i">36105116121802</subfield>
      <subfield code="l">MSS-30</subfield>
      <subfield code="m">SPEC-COLL</subfield>
      <subfield code="r">Y</subfield>
      <subfield code="s">Y</subfield>
      <subfield code="t">NONCIRC</subfield>
      <subfield code="u">6/3/2003</subfield>
    </datafield>
    <datafield tag="999" ind1=" " ind2=" ">
      <subfield code="a">M1010 RG 2 FLAT BOX 218</subfield>
      <subfield code="w">ALPHANUM</subfield>
      <subfield code="c">1</subfield>
      <subfield code="i">36105116121810</subfield>
      <subfield code="l">MSS-30</subfield>
      <subfield code="m">SPEC-COLL</subfield>
      <subfield code="r">Y</subfield>
      <subfield code="s">Y</subfield>
      <subfield code="t">NONCIRC</subfield>
      <subfield code="u">6/3/2003</subfield>
    </datafield>
    <datafield tag="999" ind1=" " ind2=" ">
      <subfield code="a">M1010 RG 2 FLAT BOX 219</subfield>
      <subfield code="w">ALPHANUM</subfield>
      <subfield code="c">1</subfield>
      <subfield code="i">36105116121828</subfield>
      <subfield code="l">MSS-30</subfield>
      <subfield code="m">SPEC-COLL</subfield>
      <subfield code="r">Y</subfield>
      <subfield code="s">Y</subfield>
      <subfield code="t">NONCIRC</subfield>
      <subfield code="u">6/3/2003</subfield>
    </datafield>
    <datafield tag="999" ind1=" " ind2=" ">
      <subfield code="a">M1010 RG 2 FLAT BOX 220</subfield>
      <subfield code="w">ALPHANUM</subfield>
      <subfield code="c">1</subfield>
      <subfield code="i">36105116121836</subfield>
      <subfield code="l">MSS-30</subfield>
      <subfield code="m">SPEC-COLL</subfield>
      <subfield code="r">Y</subfield>
      <subfield code="s">Y</subfield>
      <subfield code="t">NONCIRC</subfield>
      <subfield code="u">6/3/2003</subfield>
    </datafield>
    <datafield tag="999" ind1=" " ind2=" ">
      <subfield code="a">M1010 RG 2 FLAT BOX 221</subfield>
      <subfield code="w">ALPHANUM</subfield>
      <subfield code="c">1</subfield>
      <subfield code="i">36105116121844</subfield>
      <subfield code="l">MSS-30</subfield>
      <subfield code="m">SPEC-COLL</subfield>
      <subfield code="r">Y</subfield>
      <subfield code="s">Y</subfield>
      <subfield code="t">NONCIRC</subfield>
      <subfield code="u">6/3/2003</subfield>
    </datafield>
    <datafield tag="999" ind1=" " ind2=" ">
      <subfield code="a">M1010 RG 2 FLAT BOX 222</subfield>
      <subfield code="w">ALPHANUM</subfield>
      <subfield code="c">1</subfield>
      <subfield code="i">36105116121851</subfield>
      <subfield code="l">MSS-30</subfield>
      <subfield code="m">SPEC-COLL</subfield>
      <subfield code="r">Y</subfield>
      <subfield code="s">Y</subfield>
      <subfield code="t">NONCIRC</subfield>
      <subfield code="u">6/3/2003</subfield>
    </datafield>
    <datafield tag="999" ind1=" " ind2=" ">
      <subfield code="a">M1010 RG 2 FLAT BOX 223</subfield>
      <subfield code="w">ALPHANUM</subfield>
      <subfield code="c">1</subfield>
      <subfield code="i">36105116121869</subfield>
      <subfield code="l">MSS-30</subfield>
      <subfield code="m">SPEC-COLL</subfield>
      <subfield code="r">Y</subfield>
      <subfield code="s">Y</subfield>
      <subfield code="t">NONCIRC</subfield>
      <subfield code="u">6/3/2003</subfield>
    </datafield>
    <datafield tag="999" ind1=" " ind2=" ">
      <subfield code="a">M1010 RG 2 FLAT BOX 224</subfield>
      <subfield code="w">ALPHANUM</subfield>
      <subfield code="c">1</subfield>
      <subfield code="i">36105116121877</subfield>
      <subfield code="l">MSS-30</subfield>
      <subfield code="m">SPEC-COLL</subfield>
      <subfield code="r">Y</subfield>
      <subfield code="s">Y</subfield>
      <subfield code="t">NONCIRC</subfield>
      <subfield code="u">6/3/2003</subfield>
    </datafield>
    <datafield tag="999" ind1=" " ind2=" ">
      <subfield code="a">M1010 RG 2 FLAT BOX 225</subfield>
      <subfield code="w">ALPHANUM</subfield>
      <subfield code="c">1</subfield>
      <subfield code="i">36105116121885</subfield>
      <subfield code="l">MSS-30</subfield>
      <subfield code="m">SPEC-COLL</subfield>
      <subfield code="r">Y</subfield>
      <subfield code="s">Y</subfield>
      <subfield code="t">NONCIRC</subfield>
      <subfield code="u">6/3/2003</subfield>
    </datafield>
    <datafield tag="999" ind1=" " ind2=" ">
      <subfield code="a">M1010 RG 2 FLAT BOX 226</subfield>
      <subfield code="w">ALPHANUM</subfield>
      <subfield code="c">1</subfield>
      <subfield code="i">36105116121893</subfield>
      <subfield code="l">MSS-30</subfield>
      <subfield code="m">SPEC-COLL</subfield>
      <subfield code="r">Y</subfield>
      <subfield code="s">Y</subfield>
      <subfield code="t">NONCIRC</subfield>
      <subfield code="u">6/3/2003</subfield>
    </datafield>
    <datafield tag="999" ind1=" " ind2=" ">
      <subfield code="a">M1010 RG 2 FLAT BOX 227</subfield>
      <subfield code="w">ALPHANUM</subfield>
      <subfield code="c">1</subfield>
      <subfield code="i">36105116121901</subfield>
      <subfield code="l">MSS-30</subfield>
      <subfield code="m">SPEC-COLL</subfield>
      <subfield code="r">Y</subfield>
      <subfield code="s">Y</subfield>
      <subfield code="t">NONCIRC</subfield>
      <subfield code="u">6/3/2003</subfield>
    </datafield>
    <datafield tag="999" ind1=" " ind2=" ">
      <subfield code="a">M1010 RG 2 FLAT BOX 228</subfield>
      <subfield code="w">ALPHANUM</subfield>
      <subfield code="c">1</subfield>
      <subfield code="i">36105116121919</subfield>
      <subfield code="l">MSS-30</subfield>
      <subfield code="m">SPEC-COLL</subfield>
      <subfield code="r">Y</subfield>
      <subfield code="s">Y</subfield>
      <subfield code="t">NONCIRC</subfield>
      <subfield code="u">6/3/2003</subfield>
    </datafield>
    <datafield tag="999" ind1=" " ind2=" ">
      <subfield code="a">M1010 RG 2 BOX 229</subfield>
      <subfield code="w">ALPHANUM</subfield>
      <subfield code="c">1</subfield>
      <subfield code="i">36105116121927</subfield>
      <subfield code="l">MSS-30</subfield>
      <subfield code="m">SPEC-COLL</subfield>
      <subfield code="r">Y</subfield>
      <subfield code="s">Y</subfield>
      <subfield code="t">NONCIRC</subfield>
      <subfield code="u">6/3/2003</subfield>
    </datafield>
    <datafield tag="999" ind1=" " ind2=" ">
      <subfield code="a">M1010 RG 2 FLAT BOX 177</subfield>
      <subfield code="w">ALPHANUM</subfield>
      <subfield code="c">1</subfield>
      <subfield code="i">36105116121406</subfield>
      <subfield code="l">MSS-30</subfield>
      <subfield code="m">SPEC-COLL</subfield>
      <subfield code="r">Y</subfield>
      <subfield code="s">Y</subfield>
      <subfield code="t">NONCIRC</subfield>
      <subfield code="u">6/3/2003</subfield>
    </datafield>
    <datafield tag="999" ind1=" " ind2=" ">
      <subfield code="a">M1010 RG 2 FLAT BOX 178</subfield>
      <subfield code="w">ALPHANUM</subfield>
      <subfield code="c">1</subfield>
      <subfield code="i">36105116121414</subfield>
      <subfield code="l">MSS-30</subfield>
      <subfield code="m">SPEC-COLL</subfield>
      <subfield code="r">Y</subfield>
      <subfield code="s">Y</subfield>
      <subfield code="t">NONCIRC</subfield>
      <subfield code="u">6/3/2003</subfield>
    </datafield>
    <datafield tag="999" ind1=" " ind2=" ">
      <subfield code="a">M1010 RG 2 FLAT BOX 179</subfield>
      <subfield code="w">ALPHANUM</subfield>
      <subfield code="c">1</subfield>
      <subfield code="i">36105116121422</subfield>
      <subfield code="l">MSS-30</subfield>
      <subfield code="m">SPEC-COLL</subfield>
      <subfield code="r">Y</subfield>
      <subfield code="s">Y</subfield>
      <subfield code="t">NONCIRC</subfield>
      <subfield code="u">6/3/2003</subfield>
    </datafield>
    <datafield tag="999" ind1=" " ind2=" ">
      <subfield code="a">M1010 RG 2 FLAT BOX 180</subfield>
      <subfield code="w">ALPHANUM</subfield>
      <subfield code="c">1</subfield>
      <subfield code="i">36105116121430</subfield>
      <subfield code="l">MSS-30</subfield>
      <subfield code="m">SPEC-COLL</subfield>
      <subfield code="r">Y</subfield>
      <subfield code="s">Y</subfield>
      <subfield code="t">NONCIRC</subfield>
      <subfield code="u">6/3/2003</subfield>
    </datafield>
    <datafield tag="999" ind1=" " ind2=" ">
      <subfield code="a">M1010 RG 2 FLAT BOX 181</subfield>
      <subfield code="w">ALPHANUM</subfield>
      <subfield code="c">1</subfield>
      <subfield code="i">36105116121448</subfield>
      <subfield code="l">MSS-30</subfield>
      <subfield code="m">SPEC-COLL</subfield>
      <subfield code="r">Y</subfield>
      <subfield code="s">Y</subfield>
      <subfield code="t">NONCIRC</subfield>
      <subfield code="u">6/3/2003</subfield>
    </datafield>
    <datafield tag="999" ind1=" " ind2=" ">
      <subfield code="a">M1010 RG 2 FLAT BOX 182</subfield>
      <subfield code="w">ALPHANUM</subfield>
      <subfield code="c">1</subfield>
      <subfield code="i">36105116121455</subfield>
      <subfield code="l">MSS-30</subfield>
      <subfield code="m">SPEC-COLL</subfield>
      <subfield code="r">Y</subfield>
      <subfield code="s">Y</subfield>
      <subfield code="t">NONCIRC</subfield>
      <subfield code="u">6/3/2003</subfield>
    </datafield>
    <datafield tag="999" ind1=" " ind2=" ">
      <subfield code="a">M1010 RG 2 FLAT BOX 183</subfield>
      <subfield code="w">ALPHANUM</subfield>
      <subfield code="c">1</subfield>
      <subfield code="i">36105116121463</subfield>
      <subfield code="l">MSS-30</subfield>
      <subfield code="m">SPEC-COLL</subfield>
      <subfield code="r">Y</subfield>
      <subfield code="s">Y</subfield>
      <subfield code="t">NONCIRC</subfield>
      <subfield code="u">6/3/2003</subfield>
    </datafield>
    <datafield tag="999" ind1=" " ind2=" ">
      <subfield code="a">M1010 RG 2 FLAT BOX 184</subfield>
      <subfield code="w">ALPHANUM</subfield>
      <subfield code="c">1</subfield>
      <subfield code="i">36105116121471</subfield>
      <subfield code="l">MSS-30</subfield>
      <subfield code="m">SPEC-COLL</subfield>
      <subfield code="r">Y</subfield>
      <subfield code="s">Y</subfield>
      <subfield code="t">NONCIRC</subfield>
      <subfield code="u">6/3/2003</subfield>
    </datafield>
    <datafield tag="999" ind1=" " ind2=" ">
      <subfield code="a">M1010 RG 2 FLAT BOX 185</subfield>
      <subfield code="w">ALPHANUM</subfield>
      <subfield code="c">1</subfield>
      <subfield code="i">36105116121489</subfield>
      <subfield code="l">MSS-30</subfield>
      <subfield code="m">SPEC-COLL</subfield>
      <subfield code="r">Y</subfield>
      <subfield code="s">Y</subfield>
      <subfield code="t">NONCIRC</subfield>
      <subfield code="u">6/3/2003</subfield>
    </datafield>
    <datafield tag="999" ind1=" " ind2=" ">
      <subfield code="a">M1010 RG 2 FLAT BOX 186</subfield>
      <subfield code="w">ALPHANUM</subfield>
      <subfield code="c">1</subfield>
      <subfield code="i">36105116121497</subfield>
      <subfield code="l">MSS-30</subfield>
      <subfield code="m">SPEC-COLL</subfield>
      <subfield code="r">Y</subfield>
      <subfield code="s">Y</subfield>
      <subfield code="t">NONCIRC</subfield>
      <subfield code="u">6/3/2003</subfield>
    </datafield>
    <datafield tag="999" ind1=" " ind2=" ">
      <subfield code="a">M1010 RG 2 FLAT BOX 187</subfield>
      <subfield code="w">ALPHANUM</subfield>
      <subfield code="c">1</subfield>
      <subfield code="i">36105116121505</subfield>
      <subfield code="l">MSS-30</subfield>
      <subfield code="m">SPEC-COLL</subfield>
      <subfield code="r">Y</subfield>
      <subfield code="s">Y</subfield>
      <subfield code="t">NONCIRC</subfield>
      <subfield code="u">6/3/2003</subfield>
    </datafield>
    <datafield tag="999" ind1=" " ind2=" ">
      <subfield code="a">M1010 RG 2 FLAT BOX 188</subfield>
      <subfield code="w">ALPHANUM</subfield>
      <subfield code="c">1</subfield>
      <subfield code="i">36105116121513</subfield>
      <subfield code="l">MSS-30</subfield>
      <subfield code="m">SPEC-COLL</subfield>
      <subfield code="r">Y</subfield>
      <subfield code="s">Y</subfield>
      <subfield code="t">NONCIRC</subfield>
      <subfield code="u">6/3/2003</subfield>
    </datafield>
    <datafield tag="999" ind1=" " ind2=" ">
      <subfield code="a">M1010 RG 2 FLAT BOX 189</subfield>
      <subfield code="w">ALPHANUM</subfield>
      <subfield code="c">1</subfield>
      <subfield code="i">36105116121521</subfield>
      <subfield code="l">MSS-30</subfield>
      <subfield code="m">SPEC-COLL</subfield>
      <subfield code="r">Y</subfield>
      <subfield code="s">Y</subfield>
      <subfield code="t">NONCIRC</subfield>
      <subfield code="u">6/3/2003</subfield>
    </datafield>
    <datafield tag="999" ind1=" " ind2=" ">
      <subfield code="a">M1010 RG 2 FLAT BOX 190</subfield>
      <subfield code="w">ALPHANUM</subfield>
      <subfield code="c">1</subfield>
      <subfield code="i">36105116121539</subfield>
      <subfield code="l">MSS-30</subfield>
      <subfield code="m">SPEC-COLL</subfield>
      <subfield code="r">Y</subfield>
      <subfield code="s">Y</subfield>
      <subfield code="t">NONCIRC</subfield>
      <subfield code="u">6/3/2003</subfield>
    </datafield>
    <datafield tag="999" ind1=" " ind2=" ">
      <subfield code="a">M1010 RG 2 FLAT BOX 191</subfield>
      <subfield code="w">ALPHANUM</subfield>
      <subfield code="c">1</subfield>
      <subfield code="i">36105116121547</subfield>
      <subfield code="l">MSS-30</subfield>
      <subfield code="m">SPEC-COLL</subfield>
      <subfield code="r">Y</subfield>
      <subfield code="s">Y</subfield>
      <subfield code="t">NONCIRC</subfield>
      <subfield code="u">6/3/2003</subfield>
    </datafield>
    <datafield tag="999" ind1=" " ind2=" ">
      <subfield code="a">M1010 RG 2 FLAT BOX 192</subfield>
      <subfield code="w">ALPHANUM</subfield>
      <subfield code="c">1</subfield>
      <subfield code="i">36105116121554</subfield>
      <subfield code="l">MSS-30</subfield>
      <subfield code="m">SPEC-COLL</subfield>
      <subfield code="r">Y</subfield>
      <subfield code="s">Y</subfield>
      <subfield code="t">NONCIRC</subfield>
      <subfield code="u">6/3/2003</subfield>
    </datafield>
    <datafield tag="999" ind1=" " ind2=" ">
      <subfield code="a">M1010 RG 2 FLAT BOX 193</subfield>
      <subfield code="w">ALPHANUM</subfield>
      <subfield code="c">1</subfield>
      <subfield code="i">36105116121562</subfield>
      <subfield code="l">MSS-30</subfield>
      <subfield code="m">SPEC-COLL</subfield>
      <subfield code="r">Y</subfield>
      <subfield code="s">Y</subfield>
      <subfield code="t">NONCIRC</subfield>
      <subfield code="u">6/3/2003</subfield>
    </datafield>
    <datafield tag="999" ind1=" " ind2=" ">
      <subfield code="a">M1010 RG 2 FLAT BOX 194</subfield>
      <subfield code="w">ALPHANUM</subfield>
      <subfield code="c">1</subfield>
      <subfield code="i">36105116121570</subfield>
      <subfield code="l">MSS-30</subfield>
      <subfield code="m">SPEC-COLL</subfield>
      <subfield code="r">Y</subfield>
      <subfield code="s">Y</subfield>
      <subfield code="t">NONCIRC</subfield>
      <subfield code="u">6/3/2003</subfield>
    </datafield>
    <datafield tag="999" ind1=" " ind2=" ">
      <subfield code="a">M1010 RG 2 FLAT BOX 195</subfield>
      <subfield code="w">ALPHANUM</subfield>
      <subfield code="c">1</subfield>
      <subfield code="i">36105116121588</subfield>
      <subfield code="l">MSS-30</subfield>
      <subfield code="m">SPEC-COLL</subfield>
      <subfield code="r">Y</subfield>
      <subfield code="s">Y</subfield>
      <subfield code="t">NONCIRC</subfield>
      <subfield code="u">6/3/2003</subfield>
    </datafield>
    <datafield tag="999" ind1=" " ind2=" ">
      <subfield code="a">M1010 RG 2 FLAT BOX 196</subfield>
      <subfield code="w">ALPHANUM</subfield>
      <subfield code="c">1</subfield>
      <subfield code="i">36105116121596</subfield>
      <subfield code="l">MSS-30</subfield>
      <subfield code="m">SPEC-COLL</subfield>
      <subfield code="r">Y</subfield>
      <subfield code="s">Y</subfield>
      <subfield code="t">NONCIRC</subfield>
      <subfield code="u">6/3/2003</subfield>
    </datafield>
    <datafield tag="999" ind1=" " ind2=" ">
      <subfield code="a">M1010 RG 2 FLAT BOX 197</subfield>
      <subfield code="w">ALPHANUM</subfield>
      <subfield code="c">1</subfield>
      <subfield code="i">36105116121604</subfield>
      <subfield code="l">MSS-30</subfield>
      <subfield code="m">SPEC-COLL</subfield>
      <subfield code="r">Y</subfield>
      <subfield code="s">Y</subfield>
      <subfield code="t">NONCIRC</subfield>
      <subfield code="u">6/3/2003</subfield>
    </datafield>
    <datafield tag="999" ind1=" " ind2=" ">
      <subfield code="a">M1010 RG 2 FLAT BOX 198</subfield>
      <subfield code="w">ALPHANUM</subfield>
      <subfield code="c">1</subfield>
      <subfield code="i">36105116121612</subfield>
      <subfield code="l">MSS-30</subfield>
      <subfield code="m">SPEC-COLL</subfield>
      <subfield code="r">Y</subfield>
      <subfield code="s">Y</subfield>
      <subfield code="t">NONCIRC</subfield>
      <subfield code="u">6/3/2003</subfield>
    </datafield>
    <datafield tag="999" ind1=" " ind2=" ">
      <subfield code="a">M1010 RG 2 FLAT BOX 199</subfield>
      <subfield code="w">ALPHANUM</subfield>
      <subfield code="c">1</subfield>
      <subfield code="i">36105116121620</subfield>
      <subfield code="l">MSS-30</subfield>
      <subfield code="m">SPEC-COLL</subfield>
      <subfield code="r">Y</subfield>
      <subfield code="s">Y</subfield>
      <subfield code="t">NONCIRC</subfield>
      <subfield code="u">6/3/2003</subfield>
    </datafield>
    <datafield tag="999" ind1=" " ind2=" ">
      <subfield code="a">M1010 RG 2 FLAT BOX 200</subfield>
      <subfield code="w">ALPHANUM</subfield>
      <subfield code="c">1</subfield>
      <subfield code="i">36105116121638</subfield>
      <subfield code="l">MSS-30</subfield>
      <subfield code="m">SPEC-COLL</subfield>
      <subfield code="r">Y</subfield>
      <subfield code="s">Y</subfield>
      <subfield code="t">NONCIRC</subfield>
      <subfield code="u">6/3/2003</subfield>
    </datafield>
    <datafield tag="999" ind1=" " ind2=" ">
      <subfield code="a">M1010 RG 2 FLAT BOX 202</subfield>
      <subfield code="w">ALPHANUM</subfield>
      <subfield code="c">1</subfield>
      <subfield code="i">36105116121653</subfield>
      <subfield code="l">MSS-30</subfield>
      <subfield code="m">SPEC-COLL</subfield>
      <subfield code="r">Y</subfield>
      <subfield code="s">Y</subfield>
      <subfield code="t">NONCIRC</subfield>
      <subfield code="u">6/3/2003</subfield>
    </datafield>
    <datafield tag="999" ind1=" " ind2=" ">
      <subfield code="a">M1010 RG 2 FLAT BOX 203</subfield>
      <subfield code="w">ALPHANUM</subfield>
      <subfield code="c">1</subfield>
      <subfield code="i">36105116121661</subfield>
      <subfield code="l">MSS-30</subfield>
      <subfield code="m">SPEC-COLL</subfield>
      <subfield code="r">Y</subfield>
      <subfield code="s">Y</subfield>
      <subfield code="t">NONCIRC</subfield>
      <subfield code="u">6/3/2003</subfield>
    </datafield>
    <datafield tag="999" ind1=" " ind2=" ">
      <subfield code="a">M1010 RG 2 BOX 93</subfield>
      <subfield code="w">ALPHANUM</subfield>
      <subfield code="c">1</subfield>
      <subfield code="i">36105116120564</subfield>
      <subfield code="l">MSS-30</subfield>
      <subfield code="m">SPEC-COLL</subfield>
      <subfield code="r">Y</subfield>
      <subfield code="s">Y</subfield>
      <subfield code="t">NONCIRC</subfield>
      <subfield code="u">6/3/2003</subfield>
    </datafield>
    <datafield tag="999" ind1=" " ind2=" ">
      <subfield code="a">M1010 RG 2 BOX 94</subfield>
      <subfield code="w">ALPHANUM</subfield>
      <subfield code="c">1</subfield>
      <subfield code="i">36105116120572</subfield>
      <subfield code="l">MSS-30</subfield>
      <subfield code="m">SPEC-COLL</subfield>
      <subfield code="r">Y</subfield>
      <subfield code="s">Y</subfield>
      <subfield code="t">NONCIRC</subfield>
      <subfield code="u">6/3/2003</subfield>
    </datafield>
    <datafield tag="999" ind1=" " ind2=" ">
      <subfield code="a">M1010 RG 2 BOX 95</subfield>
      <subfield code="w">ALPHANUM</subfield>
      <subfield code="c">1</subfield>
      <subfield code="i">36105116120580</subfield>
      <subfield code="l">MSS-30</subfield>
      <subfield code="m">SPEC-COLL</subfield>
      <subfield code="r">Y</subfield>
      <subfield code="s">Y</subfield>
      <subfield code="t">NONCIRC</subfield>
      <subfield code="u">6/3/2003</subfield>
    </datafield>
    <datafield tag="999" ind1=" " ind2=" ">
      <subfield code="a">M1010 RG 2 BOX 96</subfield>
      <subfield code="w">ALPHANUM</subfield>
      <subfield code="c">1</subfield>
      <subfield code="i">36105116120598</subfield>
      <subfield code="l">MSS-30</subfield>
      <subfield code="m">SPEC-COLL</subfield>
      <subfield code="r">Y</subfield>
      <subfield code="s">Y</subfield>
      <subfield code="t">NONCIRC</subfield>
      <subfield code="u">6/3/2003</subfield>
    </datafield>
    <datafield tag="999" ind1=" " ind2=" ">
      <subfield code="a">M1010 RG 2 BOX 97</subfield>
      <subfield code="w">ALPHANUM</subfield>
      <subfield code="c">1</subfield>
      <subfield code="i">36105116120606</subfield>
      <subfield code="l">MSS-30</subfield>
      <subfield code="m">SPEC-COLL</subfield>
      <subfield code="r">Y</subfield>
      <subfield code="s">Y</subfield>
      <subfield code="t">NONCIRC</subfield>
      <subfield code="u">6/3/2003</subfield>
    </datafield>
    <datafield tag="999" ind1=" " ind2=" ">
      <subfield code="a">M1010 RG 2 BOX 98</subfield>
      <subfield code="w">ALPHANUM</subfield>
      <subfield code="c">1</subfield>
      <subfield code="i">36105116120614</subfield>
      <subfield code="l">MSS-30</subfield>
      <subfield code="m">SPEC-COLL</subfield>
      <subfield code="r">Y</subfield>
      <subfield code="s">Y</subfield>
      <subfield code="t">NONCIRC</subfield>
      <subfield code="u">6/3/2003</subfield>
    </datafield>
    <datafield tag="999" ind1=" " ind2=" ">
      <subfield code="a">M1010 RG 2 BOX 101</subfield>
      <subfield code="w">ALPHANUM</subfield>
      <subfield code="c">1</subfield>
      <subfield code="i">36105116120648</subfield>
      <subfield code="l">MSS-30</subfield>
      <subfield code="m">SPEC-COLL</subfield>
      <subfield code="r">Y</subfield>
      <subfield code="s">Y</subfield>
      <subfield code="t">NONCIRC</subfield>
      <subfield code="u">6/3/2003</subfield>
    </datafield>
    <datafield tag="999" ind1=" " ind2=" ">
      <subfield code="a">M1010 RG 2 BOX 102</subfield>
      <subfield code="w">ALPHANUM</subfield>
      <subfield code="c">1</subfield>
      <subfield code="i">36105116120655</subfield>
      <subfield code="l">MSS-30</subfield>
      <subfield code="m">SPEC-COLL</subfield>
      <subfield code="r">Y</subfield>
      <subfield code="s">Y</subfield>
      <subfield code="t">NONCIRC</subfield>
      <subfield code="u">6/3/2003</subfield>
    </datafield>
    <datafield tag="999" ind1=" " ind2=" ">
      <subfield code="a">M1010 RG 2 FLAT BOX 169</subfield>
      <subfield code="w">ALPHANUM</subfield>
      <subfield code="c">1</subfield>
      <subfield code="i">36105116121323</subfield>
      <subfield code="l">MSS-30</subfield>
      <subfield code="m">SPEC-COLL</subfield>
      <subfield code="r">Y</subfield>
      <subfield code="s">Y</subfield>
      <subfield code="t">NONCIRC</subfield>
      <subfield code="u">6/3/2003</subfield>
    </datafield>
    <datafield tag="999" ind1=" " ind2=" ">
      <subfield code="a">M1010 RG 2 FLAT BOX 170</subfield>
      <subfield code="w">ALPHANUM</subfield>
      <subfield code="c">1</subfield>
      <subfield code="i">36105116121331</subfield>
      <subfield code="l">MSS-30</subfield>
      <subfield code="m">SPEC-COLL</subfield>
      <subfield code="r">Y</subfield>
      <subfield code="s">Y</subfield>
      <subfield code="t">NONCIRC</subfield>
      <subfield code="u">6/3/2003</subfield>
    </datafield>
    <datafield tag="999" ind1=" " ind2=" ">
      <subfield code="a">M1010 RG 2 FLAT BOX 171</subfield>
      <subfield code="w">ALPHANUM</subfield>
      <subfield code="c">1</subfield>
      <subfield code="i">36105116121349</subfield>
      <subfield code="l">MSS-30</subfield>
      <subfield code="m">SPEC-COLL</subfield>
      <subfield code="r">Y</subfield>
      <subfield code="s">Y</subfield>
      <subfield code="t">NONCIRC</subfield>
      <subfield code="u">6/3/2003</subfield>
    </datafield>
    <datafield tag="999" ind1=" " ind2=" ">
      <subfield code="a">M1010 RG 2 FLAT BOX 172</subfield>
      <subfield code="w">ALPHANUM</subfield>
      <subfield code="c">1</subfield>
      <subfield code="i">36105116121356</subfield>
      <subfield code="l">MSS-30</subfield>
      <subfield code="m">SPEC-COLL</subfield>
      <subfield code="r">Y</subfield>
      <subfield code="s">Y</subfield>
      <subfield code="t">NONCIRC</subfield>
      <subfield code="u">6/3/2003</subfield>
    </datafield>
    <datafield tag="999" ind1=" " ind2=" ">
      <subfield code="a">M1010 RG 2 FLAT BOX 173</subfield>
      <subfield code="w">ALPHANUM</subfield>
      <subfield code="c">1</subfield>
      <subfield code="i">36105116121364</subfield>
      <subfield code="l">MSS-30</subfield>
      <subfield code="m">SPEC-COLL</subfield>
      <subfield code="r">Y</subfield>
      <subfield code="s">Y</subfield>
      <subfield code="t">NONCIRC</subfield>
      <subfield code="u">6/3/2003</subfield>
    </datafield>
    <datafield tag="999" ind1=" " ind2=" ">
      <subfield code="a">M1010 RG 2 FLAT BOX 174</subfield>
      <subfield code="w">ALPHANUM</subfield>
      <subfield code="c">1</subfield>
      <subfield code="i">36105116121372</subfield>
      <subfield code="l">MSS-30</subfield>
      <subfield code="m">SPEC-COLL</subfield>
      <subfield code="r">Y</subfield>
      <subfield code="s">Y</subfield>
      <subfield code="t">NONCIRC</subfield>
      <subfield code="u">6/3/2003</subfield>
    </datafield>
    <datafield tag="999" ind1=" " ind2=" ">
      <subfield code="a">M1010 RG 2 FLAT BOX 175</subfield>
      <subfield code="w">ALPHANUM</subfield>
      <subfield code="c">1</subfield>
      <subfield code="i">36105116121380</subfield>
      <subfield code="l">MSS-30</subfield>
      <subfield code="m">SPEC-COLL</subfield>
      <subfield code="r">Y</subfield>
      <subfield code="s">Y</subfield>
      <subfield code="t">NONCIRC</subfield>
      <subfield code="u">6/3/2003</subfield>
    </datafield>
    <datafield tag="999" ind1=" " ind2=" ">
      <subfield code="a">M1010 RG 2 FLAT BOX 176</subfield>
      <subfield code="w">ALPHANUM</subfield>
      <subfield code="c">1</subfield>
      <subfield code="i">36105116121398</subfield>
      <subfield code="l">MSS-30</subfield>
      <subfield code="m">SPEC-COLL</subfield>
      <subfield code="r">Y</subfield>
      <subfield code="s">Y</subfield>
      <subfield code="t">NONCIRC</subfield>
      <subfield code="u">6/3/2003</subfield>
    </datafield>
    <datafield tag="999" ind1=" " ind2=" ">
      <subfield code="a">M1010 RG 2 BOX 1</subfield>
      <subfield code="w">ALPHANUM</subfield>
      <subfield code="c">1</subfield>
      <subfield code="i">36105116119640</subfield>
      <subfield code="l">MSS-30</subfield>
      <subfield code="m">SPEC-COLL</subfield>
      <subfield code="r">Y</subfield>
      <subfield code="s">Y</subfield>
      <subfield code="t">NONCIRC</subfield>
      <subfield code="u">6/3/2003</subfield>
    </datafield>
    <datafield tag="999" ind1=" " ind2=" ">
      <subfield code="a">M1010 RG 2 BOX 2</subfield>
      <subfield code="w">ALPHANUM</subfield>
      <subfield code="c">1</subfield>
      <subfield code="i">36105116119657</subfield>
      <subfield code="l">MSS-30</subfield>
      <subfield code="m">SPEC-COLL</subfield>
      <subfield code="r">Y</subfield>
      <subfield code="s">Y</subfield>
      <subfield code="t">NONCIRC</subfield>
      <subfield code="u">6/3/2003</subfield>
    </datafield>
    <datafield tag="999" ind1=" " ind2=" ">
      <subfield code="a">M1010 RG 2 BOX 3</subfield>
      <subfield code="w">ALPHANUM</subfield>
      <subfield code="c">1</subfield>
      <subfield code="i">36105116119665</subfield>
      <subfield code="l">MSS-30</subfield>
      <subfield code="m">SPEC-COLL</subfield>
      <subfield code="r">Y</subfield>
      <subfield code="s">Y</subfield>
      <subfield code="t">NONCIRC</subfield>
      <subfield code="u">6/3/2003</subfield>
    </datafield>
    <datafield tag="999" ind1=" " ind2=" ">
      <subfield code="a">M1010 RG 2 BOX 4</subfield>
      <subfield code="w">ALPHANUM</subfield>
      <subfield code="c">1</subfield>
      <subfield code="i">36105116119673</subfield>
      <subfield code="l">MSS-30</subfield>
      <subfield code="m">SPEC-COLL</subfield>
      <subfield code="r">Y</subfield>
      <subfield code="s">Y</subfield>
      <subfield code="t">NONCIRC</subfield>
      <subfield code="u">6/3/2003</subfield>
    </datafield>
    <datafield tag="999" ind1=" " ind2=" ">
      <subfield code="a">M1010 RG 2 BOX 5</subfield>
      <subfield code="w">ALPHANUM</subfield>
      <subfield code="c">1</subfield>
      <subfield code="i">36105116119681</subfield>
      <subfield code="d">8/27/2004</subfield>
      <subfield code="l">MSS-30</subfield>
      <subfield code="m">SPEC-COLL</subfield>
      <subfield code="r">Y</subfield>
      <subfield code="s">Y</subfield>
      <subfield code="t">NONCIRC</subfield>
      <subfield code="u">6/3/2003</subfield>
    </datafield>
    <datafield tag="999" ind1=" " ind2=" ">
      <subfield code="a">M1010 RG 2 BOX 6</subfield>
      <subfield code="w">ALPHANUM</subfield>
      <subfield code="c">1</subfield>
      <subfield code="i">36105116119699</subfield>
      <subfield code="l">MSS-30</subfield>
      <subfield code="m">SPEC-COLL</subfield>
      <subfield code="r">Y</subfield>
      <subfield code="s">Y</subfield>
      <subfield code="t">NONCIRC</subfield>
      <subfield code="u">6/3/2003</subfield>
    </datafield>
    <datafield tag="999" ind1=" " ind2=" ">
      <subfield code="a">M1010 RG 2 BOX 7</subfield>
      <subfield code="w">ALPHANUM</subfield>
      <subfield code="c">1</subfield>
      <subfield code="i">36105116119707</subfield>
      <subfield code="l">MSS-30</subfield>
      <subfield code="m">SPEC-COLL</subfield>
      <subfield code="r">Y</subfield>
      <subfield code="s">Y</subfield>
      <subfield code="t">NONCIRC</subfield>
      <subfield code="u">6/3/2003</subfield>
    </datafield>
    <datafield tag="999" ind1=" " ind2=" ">
      <subfield code="a">M1010 RG 2 BOX 8</subfield>
      <subfield code="w">ALPHANUM</subfield>
      <subfield code="c">1</subfield>
      <subfield code="i">36105116119715</subfield>
      <subfield code="l">MSS-30</subfield>
      <subfield code="m">SPEC-COLL</subfield>
      <subfield code="r">Y</subfield>
      <subfield code="s">Y</subfield>
      <subfield code="t">NONCIRC</subfield>
      <subfield code="u">6/3/2003</subfield>
    </datafield>
    <datafield tag="999" ind1=" " ind2=" ">
      <subfield code="a">M1010 RG 2 BOX 9</subfield>
      <subfield code="w">ALPHANUM</subfield>
      <subfield code="c">1</subfield>
      <subfield code="i">36105116119723</subfield>
      <subfield code="l">MSS-30</subfield>
      <subfield code="m">SPEC-COLL</subfield>
      <subfield code="r">Y</subfield>
      <subfield code="s">Y</subfield>
      <subfield code="t">NONCIRC</subfield>
      <subfield code="u">6/3/2003</subfield>
    </datafield>
    <datafield tag="999" ind1=" " ind2=" ">
      <subfield code="a">M1010 RG 2 BOX 10</subfield>
      <subfield code="w">ALPHANUM</subfield>
      <subfield code="c">1</subfield>
      <subfield code="i">36105116119731</subfield>
      <subfield code="l">MSS-30</subfield>
      <subfield code="m">SPEC-COLL</subfield>
      <subfield code="r">Y</subfield>
      <subfield code="s">Y</subfield>
      <subfield code="t">NONCIRC</subfield>
      <subfield code="u">6/3/2003</subfield>
    </datafield>
    <datafield tag="999" ind1=" " ind2=" ">
      <subfield code="a">M1010 RG 2 BOX 11</subfield>
      <subfield code="w">ALPHANUM</subfield>
      <subfield code="c">1</subfield>
      <subfield code="i">36105116119749</subfield>
      <subfield code="l">MSS-30</subfield>
      <subfield code="m">SPEC-COLL</subfield>
      <subfield code="r">Y</subfield>
      <subfield code="s">Y</subfield>
      <subfield code="t">NONCIRC</subfield>
      <subfield code="u">6/3/2003</subfield>
    </datafield>
    <datafield tag="999" ind1=" " ind2=" ">
      <subfield code="a">M1010 RG 2 BOX 12</subfield>
      <subfield code="w">ALPHANUM</subfield>
      <subfield code="c">1</subfield>
      <subfield code="i">36105116119756</subfield>
      <subfield code="l">MSS-30</subfield>
      <subfield code="m">SPEC-COLL</subfield>
      <subfield code="r">Y</subfield>
      <subfield code="s">Y</subfield>
      <subfield code="t">NONCIRC</subfield>
      <subfield code="u">6/3/2003</subfield>
    </datafield>
    <datafield tag="999" ind1=" " ind2=" ">
      <subfield code="a">M1010 RG 2 BOX 13</subfield>
      <subfield code="w">ALPHANUM</subfield>
      <subfield code="c">1</subfield>
      <subfield code="i">36105116119764</subfield>
      <subfield code="l">MSS-30</subfield>
      <subfield code="m">SPEC-COLL</subfield>
      <subfield code="r">Y</subfield>
      <subfield code="s">Y</subfield>
      <subfield code="t">NONCIRC</subfield>
      <subfield code="u">6/3/2003</subfield>
    </datafield>
    <datafield tag="999" ind1=" " ind2=" ">
      <subfield code="a">M1010 RG 2 BOX 14</subfield>
      <subfield code="w">ALPHANUM</subfield>
      <subfield code="c">1</subfield>
      <subfield code="i">36105116119772</subfield>
      <subfield code="l">MSS-30</subfield>
      <subfield code="m">SPEC-COLL</subfield>
      <subfield code="r">Y</subfield>
      <subfield code="s">Y</subfield>
      <subfield code="t">NONCIRC</subfield>
      <subfield code="u">6/3/2003</subfield>
    </datafield>
    <datafield tag="999" ind1=" " ind2=" ">
      <subfield code="a">M1010 RG 2 BOX 15</subfield>
      <subfield code="w">ALPHANUM</subfield>
      <subfield code="c">1</subfield>
      <subfield code="i">36105116119780</subfield>
      <subfield code="d">3/20/2006</subfield>
      <subfield code="l">MSS-30</subfield>
      <subfield code="m">SPEC-COLL</subfield>
      <subfield code="r">Y</subfield>
      <subfield code="s">Y</subfield>
      <subfield code="t">NONCIRC</subfield>
      <subfield code="u">6/3/2003</subfield>
    </datafield>
    <datafield tag="999" ind1=" " ind2=" ">
      <subfield code="a">M1010 RG 2 BOX 16</subfield>
      <subfield code="w">ALPHANUM</subfield>
      <subfield code="c">1</subfield>
      <subfield code="i">36105116119798</subfield>
      <subfield code="d">3/20/2006</subfield>
      <subfield code="l">MSS-30</subfield>
      <subfield code="m">SPEC-COLL</subfield>
      <subfield code="r">Y</subfield>
      <subfield code="s">Y</subfield>
      <subfield code="t">NONCIRC</subfield>
      <subfield code="u">6/3/2003</subfield>
    </datafield>
    <datafield tag="999" ind1=" " ind2=" ">
      <subfield code="a">M1010 RG 2 BOX 17</subfield>
      <subfield code="w">ALPHANUM</subfield>
      <subfield code="c">1</subfield>
      <subfield code="i">36105116119806</subfield>
      <subfield code="l">MSS-30</subfield>
      <subfield code="m">SPEC-COLL</subfield>
      <subfield code="r">Y</subfield>
      <subfield code="s">Y</subfield>
      <subfield code="t">NONCIRC</subfield>
      <subfield code="u">6/3/2003</subfield>
    </datafield>
    <datafield tag="999" ind1=" " ind2=" ">
      <subfield code="a">M1010 RG 2 BOX 18</subfield>
      <subfield code="w">ALPHANUM</subfield>
      <subfield code="c">1</subfield>
      <subfield code="i">36105116119814</subfield>
      <subfield code="l">MSS-30</subfield>
      <subfield code="m">SPEC-COLL</subfield>
      <subfield code="r">Y</subfield>
      <subfield code="s">Y</subfield>
      <subfield code="t">NONCIRC</subfield>
      <subfield code="u">6/3/2003</subfield>
    </datafield>
    <datafield tag="999" ind1=" " ind2=" ">
      <subfield code="a">M1010 RG 2 BOX 19</subfield>
      <subfield code="w">ALPHANUM</subfield>
      <subfield code="c">1</subfield>
      <subfield code="i">36105116119822</subfield>
      <subfield code="d">3/20/2006</subfield>
      <subfield code="l">MSS-30</subfield>
      <subfield code="m">SPEC-COLL</subfield>
      <subfield code="r">Y</subfield>
      <subfield code="s">Y</subfield>
      <subfield code="t">NONCIRC</subfield>
      <subfield code="u">6/3/2003</subfield>
    </datafield>
    <datafield tag="999" ind1=" " ind2=" ">
      <subfield code="a">M1010 RG 2 BOX 20</subfield>
      <subfield code="w">ALPHANUM</subfield>
      <subfield code="c">1</subfield>
      <subfield code="i">36105116119830</subfield>
      <subfield code="l">MSS-30</subfield>
      <subfield code="m">SPEC-COLL</subfield>
      <subfield code="r">Y</subfield>
      <subfield code="s">Y</subfield>
      <subfield code="t">NONCIRC</subfield>
      <subfield code="u">6/3/2003</subfield>
    </datafield>
    <datafield tag="999" ind1=" " ind2=" ">
      <subfield code="a">M1010 RG 2 BOX 21</subfield>
      <subfield code="w">ALPHANUM</subfield>
      <subfield code="c">1</subfield>
      <subfield code="i">36105116119848</subfield>
      <subfield code="l">MSS-30</subfield>
      <subfield code="m">SPEC-COLL</subfield>
      <subfield code="r">Y</subfield>
      <subfield code="s">Y</subfield>
      <subfield code="t">NONCIRC</subfield>
      <subfield code="u">6/3/2003</subfield>
    </datafield>
    <datafield tag="999" ind1=" " ind2=" ">
      <subfield code="a">M1010 RG 2 BOX 22</subfield>
      <subfield code="w">ALPHANUM</subfield>
      <subfield code="c">1</subfield>
      <subfield code="i">36105116119855</subfield>
      <subfield code="l">MSS-30</subfield>
      <subfield code="m">SPEC-COLL</subfield>
      <subfield code="r">Y</subfield>
      <subfield code="s">Y</subfield>
      <subfield code="t">NONCIRC</subfield>
      <subfield code="u">6/3/2003</subfield>
    </datafield>
    <datafield tag="999" ind1=" " ind2=" ">
      <subfield code="a">M1010 RG 2 BOX 23</subfield>
      <subfield code="w">ALPHANUM</subfield>
      <subfield code="c">1</subfield>
      <subfield code="i">36105116119863</subfield>
      <subfield code="l">MSS-30</subfield>
      <subfield code="m">SPEC-COLL</subfield>
      <subfield code="r">Y</subfield>
      <subfield code="s">Y</subfield>
      <subfield code="t">NONCIRC</subfield>
      <subfield code="u">6/3/2003</subfield>
    </datafield>
    <datafield tag="999" ind1=" " ind2=" ">
      <subfield code="a">M1010 RG 2 BOX 24</subfield>
      <subfield code="w">ALPHANUM</subfield>
      <subfield code="c">1</subfield>
      <subfield code="i">36105116119871</subfield>
      <subfield code="l">MSS-30</subfield>
      <subfield code="m">SPEC-COLL</subfield>
      <subfield code="r">Y</subfield>
      <subfield code="s">Y</subfield>
      <subfield code="t">NONCIRC</subfield>
      <subfield code="u">6/3/2003</subfield>
    </datafield>
    <datafield tag="999" ind1=" " ind2=" ">
      <subfield code="a">M1010 RG 2 BOX 25</subfield>
      <subfield code="w">ALPHANUM</subfield>
      <subfield code="c">1</subfield>
      <subfield code="i">36105116119889</subfield>
      <subfield code="l">MSS-30</subfield>
      <subfield code="m">SPEC-COLL</subfield>
      <subfield code="r">Y</subfield>
      <subfield code="s">Y</subfield>
      <subfield code="t">NONCIRC</subfield>
      <subfield code="u">6/3/2003</subfield>
    </datafield>
    <datafield tag="999" ind1=" " ind2=" ">
      <subfield code="a">M1010 RG 2 BOX 26</subfield>
      <subfield code="w">ALPHANUM</subfield>
      <subfield code="c">1</subfield>
      <subfield code="i">36105116119897</subfield>
      <subfield code="l">MSS-30</subfield>
      <subfield code="m">SPEC-COLL</subfield>
      <subfield code="r">Y</subfield>
      <subfield code="s">Y</subfield>
      <subfield code="t">NONCIRC</subfield>
      <subfield code="u">6/3/2003</subfield>
    </datafield>
    <datafield tag="999" ind1=" " ind2=" ">
      <subfield code="a">M1010 RG 2 BOX 27</subfield>
      <subfield code="w">ALPHANUM</subfield>
      <subfield code="c">1</subfield>
      <subfield code="i">36105116119905</subfield>
      <subfield code="l">MSS-30</subfield>
      <subfield code="m">SPEC-COLL</subfield>
      <subfield code="r">Y</subfield>
      <subfield code="s">Y</subfield>
      <subfield code="t">NONCIRC</subfield>
      <subfield code="u">6/3/2003</subfield>
    </datafield>
    <datafield tag="999" ind1=" " ind2=" ">
      <subfield code="a">M1010 RG 2 BOX 28</subfield>
      <subfield code="w">ALPHANUM</subfield>
      <subfield code="c">1</subfield>
      <subfield code="i">36105116119913</subfield>
      <subfield code="l">MSS-30</subfield>
      <subfield code="m">SPEC-COLL</subfield>
      <subfield code="r">Y</subfield>
      <subfield code="s">Y</subfield>
      <subfield code="t">NONCIRC</subfield>
      <subfield code="u">6/3/2003</subfield>
    </datafield>
    <datafield tag="999" ind1=" " ind2=" ">
      <subfield code="a">M1010 RG 2 BOX 29</subfield>
      <subfield code="w">ALPHANUM</subfield>
      <subfield code="c">1</subfield>
      <subfield code="i">36105116119921</subfield>
      <subfield code="d">3/20/2006</subfield>
      <subfield code="l">MSS-30</subfield>
      <subfield code="m">SPEC-COLL</subfield>
      <subfield code="r">Y</subfield>
      <subfield code="s">Y</subfield>
      <subfield code="t">NONCIRC</subfield>
      <subfield code="u">6/3/2003</subfield>
    </datafield>
    <datafield tag="999" ind1=" " ind2=" ">
      <subfield code="a">M1010 RG 2 BOX 30</subfield>
      <subfield code="w">ALPHANUM</subfield>
      <subfield code="c">1</subfield>
      <subfield code="i">36105116119939</subfield>
      <subfield code="l">MSS-30</subfield>
      <subfield code="m">SPEC-COLL</subfield>
      <subfield code="r">Y</subfield>
      <subfield code="s">Y</subfield>
      <subfield code="t">NONCIRC</subfield>
      <subfield code="u">6/3/2003</subfield>
    </datafield>
    <datafield tag="999" ind1=" " ind2=" ">
      <subfield code="a">M1010 RG 2 BOX 31</subfield>
      <subfield code="w">ALPHANUM</subfield>
      <subfield code="c">1</subfield>
      <subfield code="i">36105116119947</subfield>
      <subfield code="l">MSS-30</subfield>
      <subfield code="m">SPEC-COLL</subfield>
      <subfield code="r">Y</subfield>
      <subfield code="s">Y</subfield>
      <subfield code="t">NONCIRC</subfield>
      <subfield code="u">6/3/2003</subfield>
    </datafield>
    <datafield tag="999" ind1=" " ind2=" ">
      <subfield code="a">M1010 RG 2 BOX 32</subfield>
      <subfield code="w">ALPHANUM</subfield>
      <subfield code="c">1</subfield>
      <subfield code="i">36105116119954</subfield>
      <subfield code="d">3/20/2006</subfield>
      <subfield code="l">MSS-30</subfield>
      <subfield code="m">SPEC-COLL</subfield>
      <subfield code="r">Y</subfield>
      <subfield code="s">Y</subfield>
      <subfield code="t">NONCIRC</subfield>
      <subfield code="u">6/3/2003</subfield>
    </datafield>
    <datafield tag="999" ind1=" " ind2=" ">
      <subfield code="a">M1010 RG 2 BOX 33</subfield>
      <subfield code="w">ALPHANUM</subfield>
      <subfield code="c">1</subfield>
      <subfield code="i">36105116119962</subfield>
      <subfield code="d">3/29/2010</subfield>
      <subfield code="l">MSS-30</subfield>
      <subfield code="m">SPEC-COLL</subfield>
      <subfield code="r">Y</subfield>
      <subfield code="s">Y</subfield>
      <subfield code="t">NONCIRC</subfield>
      <subfield code="u">6/3/2003</subfield>
    </datafield>
    <datafield tag="999" ind1=" " ind2=" ">
      <subfield code="a">M1010 RG 2 BOX 34</subfield>
      <subfield code="w">ALPHANUM</subfield>
      <subfield code="c">1</subfield>
      <subfield code="i">36105116119970</subfield>
      <subfield code="l">MSS-30</subfield>
      <subfield code="m">SPEC-COLL</subfield>
      <subfield code="r">Y</subfield>
      <subfield code="s">Y</subfield>
      <subfield code="t">NONCIRC</subfield>
      <subfield code="u">6/3/2003</subfield>
    </datafield>
    <datafield tag="999" ind1=" " ind2=" ">
      <subfield code="a">M1010 RG 2 BOX 35</subfield>
      <subfield code="w">ALPHANUM</subfield>
      <subfield code="c">1</subfield>
      <subfield code="i">36105116119988</subfield>
      <subfield code="l">MSS-30</subfield>
      <subfield code="m">SPEC-COLL</subfield>
      <subfield code="r">Y</subfield>
      <subfield code="s">Y</subfield>
      <subfield code="t">NONCIRC</subfield>
      <subfield code="u">6/3/2003</subfield>
    </datafield>
    <datafield tag="999" ind1=" " ind2=" ">
      <subfield code="a">M1010 RG 2 BOX 36</subfield>
      <subfield code="w">ALPHANUM</subfield>
      <subfield code="c">1</subfield>
      <subfield code="i">36105116119996</subfield>
      <subfield code="l">MSS-30</subfield>
      <subfield code="m">SPEC-COLL</subfield>
      <subfield code="r">Y</subfield>
      <subfield code="s">Y</subfield>
      <subfield code="t">NONCIRC</subfield>
      <subfield code="u">6/3/2003</subfield>
    </datafield>
    <datafield tag="999" ind1=" " ind2=" ">
      <subfield code="a">M1010 RG 2 BOX 37</subfield>
      <subfield code="w">ALPHANUM</subfield>
      <subfield code="c">1</subfield>
      <subfield code="i">36105116120002</subfield>
      <subfield code="l">MSS-30</subfield>
      <subfield code="m">SPEC-COLL</subfield>
      <subfield code="r">Y</subfield>
      <subfield code="s">Y</subfield>
      <subfield code="t">NONCIRC</subfield>
      <subfield code="u">6/3/2003</subfield>
    </datafield>
    <datafield tag="999" ind1=" " ind2=" ">
      <subfield code="a">M1010 RG 2 BOX 38</subfield>
      <subfield code="w">ALPHANUM</subfield>
      <subfield code="c">1</subfield>
      <subfield code="i">36105116120010</subfield>
      <subfield code="l">MSS-30</subfield>
      <subfield code="m">SPEC-COLL</subfield>
      <subfield code="r">Y</subfield>
      <subfield code="s">Y</subfield>
      <subfield code="t">NONCIRC</subfield>
      <subfield code="u">6/3/2003</subfield>
    </datafield>
    <datafield tag="999" ind1=" " ind2=" ">
      <subfield code="a">M1010 RG 2 BOX 39</subfield>
      <subfield code="w">ALPHANUM</subfield>
      <subfield code="c">1</subfield>
      <subfield code="i">36105116120028</subfield>
      <subfield code="l">MSS-30</subfield>
      <subfield code="m">SPEC-COLL</subfield>
      <subfield code="r">Y</subfield>
      <subfield code="s">Y</subfield>
      <subfield code="t">NONCIRC</subfield>
      <subfield code="u">6/3/2003</subfield>
    </datafield>
    <datafield tag="999" ind1=" " ind2=" ">
      <subfield code="a">M1010 RG 2 BOX 40</subfield>
      <subfield code="w">ALPHANUM</subfield>
      <subfield code="c">1</subfield>
      <subfield code="i">36105116120036</subfield>
      <subfield code="l">MSS-30</subfield>
      <subfield code="m">SPEC-COLL</subfield>
      <subfield code="r">Y</subfield>
      <subfield code="s">Y</subfield>
      <subfield code="t">NONCIRC</subfield>
      <subfield code="u">6/3/2003</subfield>
    </datafield>
    <datafield tag="999" ind1=" " ind2=" ">
      <subfield code="a">M1010 RG 2 BOX 41</subfield>
      <subfield code="w">ALPHANUM</subfield>
      <subfield code="c">1</subfield>
      <subfield code="i">36105116120044</subfield>
      <subfield code="l">MSS-30</subfield>
      <subfield code="m">SPEC-COLL</subfield>
      <subfield code="r">Y</subfield>
      <subfield code="s">Y</subfield>
      <subfield code="t">NONCIRC</subfield>
      <subfield code="u">6/3/2003</subfield>
    </datafield>
    <datafield tag="999" ind1=" " ind2=" ">
      <subfield code="a">M1010 RG 2 BOX 42</subfield>
      <subfield code="w">ALPHANUM</subfield>
      <subfield code="c">1</subfield>
      <subfield code="i">36105116120051</subfield>
      <subfield code="l">MSS-30</subfield>
      <subfield code="m">SPEC-COLL</subfield>
      <subfield code="r">Y</subfield>
      <subfield code="s">Y</subfield>
      <subfield code="t">NONCIRC</subfield>
      <subfield code="u">6/3/2003</subfield>
    </datafield>
    <datafield tag="999" ind1=" " ind2=" ">
      <subfield code="a">M1010 RG 2 BOX 43</subfield>
      <subfield code="w">ALPHANUM</subfield>
      <subfield code="c">1</subfield>
      <subfield code="i">36105116120069</subfield>
      <subfield code="l">MSS-30</subfield>
      <subfield code="m">SPEC-COLL</subfield>
      <subfield code="r">Y</subfield>
      <subfield code="s">Y</subfield>
      <subfield code="t">NONCIRC</subfield>
      <subfield code="u">6/3/2003</subfield>
    </datafield>
    <datafield tag="999" ind1=" " ind2=" ">
      <subfield code="a">M1010 RG 2 BOX 44</subfield>
      <subfield code="w">ALPHANUM</subfield>
      <subfield code="c">1</subfield>
      <subfield code="i">36105116120077</subfield>
      <subfield code="l">MSS-30</subfield>
      <subfield code="m">SPEC-COLL</subfield>
      <subfield code="r">Y</subfield>
      <subfield code="s">Y</subfield>
      <subfield code="t">NONCIRC</subfield>
      <subfield code="u">6/3/2003</subfield>
    </datafield>
    <datafield tag="999" ind1=" " ind2=" ">
      <subfield code="a">M1010 RG 2 BOX 45</subfield>
      <subfield code="w">ALPHANUM</subfield>
      <subfield code="c">1</subfield>
      <subfield code="i">36105116120085</subfield>
      <subfield code="l">MSS-30</subfield>
      <subfield code="m">SPEC-COLL</subfield>
      <subfield code="r">Y</subfield>
      <subfield code="s">Y</subfield>
      <subfield code="t">NONCIRC</subfield>
      <subfield code="u">6/3/2003</subfield>
    </datafield>
    <datafield tag="999" ind1=" " ind2=" ">
      <subfield code="a">M1010 RG 2 BOX 46</subfield>
      <subfield code="w">ALPHANUM</subfield>
      <subfield code="c">1</subfield>
      <subfield code="i">36105116120093</subfield>
      <subfield code="l">MSS-30</subfield>
      <subfield code="m">SPEC-COLL</subfield>
      <subfield code="r">Y</subfield>
      <subfield code="s">Y</subfield>
      <subfield code="t">NONCIRC</subfield>
      <subfield code="u">6/3/2003</subfield>
    </datafield>
    <datafield tag="999" ind1=" " ind2=" ">
      <subfield code="a">M1010 RG 2 BOX 47</subfield>
      <subfield code="w">ALPHANUM</subfield>
      <subfield code="c">1</subfield>
      <subfield code="i">36105116120101</subfield>
      <subfield code="l">MSS-30</subfield>
      <subfield code="m">SPEC-COLL</subfield>
      <subfield code="r">Y</subfield>
      <subfield code="s">Y</subfield>
      <subfield code="t">NONCIRC</subfield>
      <subfield code="u">6/3/2003</subfield>
    </datafield>
    <datafield tag="999" ind1=" " ind2=" ">
      <subfield code="a">M1010 RG 2 BOX 52</subfield>
      <subfield code="w">ALPHANUM</subfield>
      <subfield code="c">1</subfield>
      <subfield code="i">36105116120150</subfield>
      <subfield code="l">MSS-30</subfield>
      <subfield code="m">SPEC-COLL</subfield>
      <subfield code="r">Y</subfield>
      <subfield code="s">Y</subfield>
      <subfield code="t">NONCIRC</subfield>
      <subfield code="u">6/3/2003</subfield>
    </datafield>
    <datafield tag="999" ind1=" " ind2=" ">
      <subfield code="a">M1010 RG 2 BOX 53</subfield>
      <subfield code="w">ALPHANUM</subfield>
      <subfield code="c">1</subfield>
      <subfield code="i">36105116120168</subfield>
      <subfield code="l">MSS-30</subfield>
      <subfield code="m">SPEC-COLL</subfield>
      <subfield code="r">Y</subfield>
      <subfield code="s">Y</subfield>
      <subfield code="t">NONCIRC</subfield>
      <subfield code="u">6/3/2003</subfield>
    </datafield>
    <datafield tag="999" ind1=" " ind2=" ">
      <subfield code="a">M1010 RG 2 BOX 54</subfield>
      <subfield code="w">ALPHANUM</subfield>
      <subfield code="c">1</subfield>
      <subfield code="i">36105116120176</subfield>
      <subfield code="l">MSS-30</subfield>
      <subfield code="m">SPEC-COLL</subfield>
      <subfield code="r">Y</subfield>
      <subfield code="s">Y</subfield>
      <subfield code="t">NONCIRC</subfield>
      <subfield code="u">6/3/2003</subfield>
    </datafield>
    <datafield tag="999" ind1=" " ind2=" ">
      <subfield code="a">M1010 RG 2 BOX 55</subfield>
      <subfield code="w">ALPHANUM</subfield>
      <subfield code="c">1</subfield>
      <subfield code="i">36105116120184</subfield>
      <subfield code="l">MSS-30</subfield>
      <subfield code="m">SPEC-COLL</subfield>
      <subfield code="r">Y</subfield>
      <subfield code="s">Y</subfield>
      <subfield code="t">NONCIRC</subfield>
      <subfield code="u">6/3/2003</subfield>
    </datafield>
    <datafield tag="999" ind1=" " ind2=" ">
      <subfield code="a">M1010 RG 2 BOX 56</subfield>
      <subfield code="w">ALPHANUM</subfield>
      <subfield code="c">1</subfield>
      <subfield code="i">36105116120192</subfield>
      <subfield code="l">MSS-30</subfield>
      <subfield code="m">SPEC-COLL</subfield>
      <subfield code="r">Y</subfield>
      <subfield code="s">Y</subfield>
      <subfield code="t">NONCIRC</subfield>
      <subfield code="u">6/3/2003</subfield>
    </datafield>
    <datafield tag="999" ind1=" " ind2=" ">
      <subfield code="a">M1010 RG 2 BOX 57</subfield>
      <subfield code="w">ALPHANUM</subfield>
      <subfield code="c">1</subfield>
      <subfield code="i">36105116120200</subfield>
      <subfield code="l">MSS-30</subfield>
      <subfield code="m">SPEC-COLL</subfield>
      <subfield code="r">Y</subfield>
      <subfield code="s">Y</subfield>
      <subfield code="t">NONCIRC</subfield>
      <subfield code="u">6/3/2003</subfield>
    </datafield>
    <datafield tag="999" ind1=" " ind2=" ">
      <subfield code="a">M1010 RG 2 BOX 58</subfield>
      <subfield code="w">ALPHANUM</subfield>
      <subfield code="c">1</subfield>
      <subfield code="i">36105116120218</subfield>
      <subfield code="l">MSS-30</subfield>
      <subfield code="m">SPEC-COLL</subfield>
      <subfield code="r">Y</subfield>
      <subfield code="s">Y</subfield>
      <subfield code="t">NONCIRC</subfield>
      <subfield code="u">6/3/2003</subfield>
    </datafield>
    <datafield tag="999" ind1=" " ind2=" ">
      <subfield code="a">M1010 RG 2 BOX 59</subfield>
      <subfield code="w">ALPHANUM</subfield>
      <subfield code="c">1</subfield>
      <subfield code="i">36105116120226</subfield>
      <subfield code="l">MSS-30</subfield>
      <subfield code="m">SPEC-COLL</subfield>
      <subfield code="r">Y</subfield>
      <subfield code="s">Y</subfield>
      <subfield code="t">NONCIRC</subfield>
      <subfield code="u">6/3/2003</subfield>
    </datafield>
    <datafield tag="999" ind1=" " ind2=" ">
      <subfield code="a">M1010 RG 2 BOX 60</subfield>
      <subfield code="w">ALPHANUM</subfield>
      <subfield code="c">1</subfield>
      <subfield code="i">36105116120234</subfield>
      <subfield code="l">MSS-30</subfield>
      <subfield code="m">SPEC-COLL</subfield>
      <subfield code="r">Y</subfield>
      <subfield code="s">Y</subfield>
      <subfield code="t">NONCIRC</subfield>
      <subfield code="u">6/3/2003</subfield>
    </datafield>
    <datafield tag="999" ind1=" " ind2=" ">
      <subfield code="a">M1010 RG 2 BOX 61</subfield>
      <subfield code="w">ALPHANUM</subfield>
      <subfield code="c">1</subfield>
      <subfield code="i">36105116120242</subfield>
      <subfield code="l">MSS-30</subfield>
      <subfield code="m">SPEC-COLL</subfield>
      <subfield code="r">Y</subfield>
      <subfield code="s">Y</subfield>
      <subfield code="t">NONCIRC</subfield>
      <subfield code="u">6/3/2003</subfield>
    </datafield>
    <datafield tag="999" ind1=" " ind2=" ">
      <subfield code="a">M1010 RG 2 BOX 62</subfield>
      <subfield code="w">ALPHANUM</subfield>
      <subfield code="c">1</subfield>
      <subfield code="i">36105116120259</subfield>
      <subfield code="l">MSS-30</subfield>
      <subfield code="m">SPEC-COLL</subfield>
      <subfield code="r">Y</subfield>
      <subfield code="s">Y</subfield>
      <subfield code="t">NONCIRC</subfield>
      <subfield code="u">6/3/2003</subfield>
    </datafield>
    <datafield tag="999" ind1=" " ind2=" ">
      <subfield code="a">M1010 RG 2 BOX 63</subfield>
      <subfield code="w">ALPHANUM</subfield>
      <subfield code="c">1</subfield>
      <subfield code="i">36105116120267</subfield>
      <subfield code="l">MSS-30</subfield>
      <subfield code="m">SPEC-COLL</subfield>
      <subfield code="r">Y</subfield>
      <subfield code="s">Y</subfield>
      <subfield code="t">NONCIRC</subfield>
      <subfield code="u">6/3/2003</subfield>
    </datafield>
    <datafield tag="999" ind1=" " ind2=" ">
      <subfield code="a">M1010 RG 2 BOX 65</subfield>
      <subfield code="w">ALPHANUM</subfield>
      <subfield code="c">1</subfield>
      <subfield code="i">36105116120283</subfield>
      <subfield code="l">MSS-30</subfield>
      <subfield code="m">SPEC-COLL</subfield>
      <subfield code="r">Y</subfield>
      <subfield code="s">Y</subfield>
      <subfield code="t">NONCIRC</subfield>
      <subfield code="u">6/3/2003</subfield>
    </datafield>
    <datafield tag="999" ind1=" " ind2=" ">
      <subfield code="a">M1010 RG 2 BOX 67</subfield>
      <subfield code="w">ALPHANUM</subfield>
      <subfield code="c">1</subfield>
      <subfield code="i">36105116120309</subfield>
      <subfield code="l">MSS-30</subfield>
      <subfield code="m">SPEC-COLL</subfield>
      <subfield code="r">Y</subfield>
      <subfield code="s">Y</subfield>
      <subfield code="t">NONCIRC</subfield>
      <subfield code="u">6/3/2003</subfield>
    </datafield>
    <datafield tag="999" ind1=" " ind2=" ">
      <subfield code="a">M1010 RG 2 BOX 68</subfield>
      <subfield code="w">ALPHANUM</subfield>
      <subfield code="c">1</subfield>
      <subfield code="i">36105116120317</subfield>
      <subfield code="l">MSS-30</subfield>
      <subfield code="m">SPEC-COLL</subfield>
      <subfield code="r">Y</subfield>
      <subfield code="s">Y</subfield>
      <subfield code="t">NONCIRC</subfield>
      <subfield code="u">6/3/2003</subfield>
    </datafield>
    <datafield tag="999" ind1=" " ind2=" ">
      <subfield code="a">M1010 RG 2 BOX 69</subfield>
      <subfield code="w">ALPHANUM</subfield>
      <subfield code="c">1</subfield>
      <subfield code="i">36105116120325</subfield>
      <subfield code="l">MSS-30</subfield>
      <subfield code="m">SPEC-COLL</subfield>
      <subfield code="r">Y</subfield>
      <subfield code="s">Y</subfield>
      <subfield code="t">NONCIRC</subfield>
      <subfield code="u">6/3/2003</subfield>
    </datafield>
    <datafield tag="999" ind1=" " ind2=" ">
      <subfield code="a">M1010 RG 2 BOX 70</subfield>
      <subfield code="w">ALPHANUM</subfield>
      <subfield code="c">1</subfield>
      <subfield code="i">36105116120333</subfield>
      <subfield code="l">MSS-30</subfield>
      <subfield code="m">SPEC-COLL</subfield>
      <subfield code="r">Y</subfield>
      <subfield code="s">Y</subfield>
      <subfield code="t">NONCIRC</subfield>
      <subfield code="u">6/3/2003</subfield>
    </datafield>
    <datafield tag="999" ind1=" " ind2=" ">
      <subfield code="a">M1010 RG 2 BOX 71</subfield>
      <subfield code="w">ALPHANUM</subfield>
      <subfield code="c">1</subfield>
      <subfield code="i">36105116120341</subfield>
      <subfield code="l">MSS-30</subfield>
      <subfield code="m">SPEC-COLL</subfield>
      <subfield code="r">Y</subfield>
      <subfield code="s">Y</subfield>
      <subfield code="t">NONCIRC</subfield>
      <subfield code="u">6/3/2003</subfield>
    </datafield>
    <datafield tag="999" ind1=" " ind2=" ">
      <subfield code="a">M1010 RG 2 BOX 72</subfield>
      <subfield code="w">ALPHANUM</subfield>
      <subfield code="c">1</subfield>
      <subfield code="i">36105116120358</subfield>
      <subfield code="l">MSS-30</subfield>
      <subfield code="m">SPEC-COLL</subfield>
      <subfield code="r">Y</subfield>
      <subfield code="s">Y</subfield>
      <subfield code="t">NONCIRC</subfield>
      <subfield code="u">6/3/2003</subfield>
    </datafield>
    <datafield tag="999" ind1=" " ind2=" ">
      <subfield code="a">M1010 RG 2 BOX 73</subfield>
      <subfield code="w">ALPHANUM</subfield>
      <subfield code="c">1</subfield>
      <subfield code="i">36105116120366</subfield>
      <subfield code="l">MSS-30</subfield>
      <subfield code="m">SPEC-COLL</subfield>
      <subfield code="r">Y</subfield>
      <subfield code="s">Y</subfield>
      <subfield code="t">NONCIRC</subfield>
      <subfield code="u">6/3/2003</subfield>
    </datafield>
    <datafield tag="999" ind1=" " ind2=" ">
      <subfield code="a">M1010 RG 2 BOX 77</subfield>
      <subfield code="w">ALPHANUM</subfield>
      <subfield code="c">1</subfield>
      <subfield code="i">36105116120408</subfield>
      <subfield code="l">MSS-30</subfield>
      <subfield code="m">SPEC-COLL</subfield>
      <subfield code="r">Y</subfield>
      <subfield code="s">Y</subfield>
      <subfield code="t">NONCIRC</subfield>
      <subfield code="u">6/3/2003</subfield>
    </datafield>
    <datafield tag="999" ind1=" " ind2=" ">
      <subfield code="a">M1010 RG 2 BOX 79</subfield>
      <subfield code="w">ALPHANUM</subfield>
      <subfield code="c">1</subfield>
      <subfield code="i">36105116120424</subfield>
      <subfield code="l">MSS-30</subfield>
      <subfield code="m">SPEC-COLL</subfield>
      <subfield code="r">Y</subfield>
      <subfield code="s">Y</subfield>
      <subfield code="t">NONCIRC</subfield>
      <subfield code="u">6/3/2003</subfield>
    </datafield>
    <datafield tag="999" ind1=" " ind2=" ">
      <subfield code="a">M1010 RG 2 BOX 85</subfield>
      <subfield code="w">ALPHANUM</subfield>
      <subfield code="c">1</subfield>
      <subfield code="i">36105116120481</subfield>
      <subfield code="l">MSS-30</subfield>
      <subfield code="m">SPEC-COLL</subfield>
      <subfield code="r">Y</subfield>
      <subfield code="s">Y</subfield>
      <subfield code="t">NONCIRC</subfield>
      <subfield code="u">6/3/2003</subfield>
    </datafield>
    <datafield tag="999" ind1=" " ind2=" ">
      <subfield code="a">M1010 RG 2 BOX 86</subfield>
      <subfield code="w">ALPHANUM</subfield>
      <subfield code="c">1</subfield>
      <subfield code="i">36105116120499</subfield>
      <subfield code="l">MSS-30</subfield>
      <subfield code="m">SPEC-COLL</subfield>
      <subfield code="r">Y</subfield>
      <subfield code="s">Y</subfield>
      <subfield code="t">NONCIRC</subfield>
      <subfield code="u">6/3/2003</subfield>
    </datafield>
    <datafield tag="999" ind1=" " ind2=" ">
      <subfield code="a">M1010 RG 2 BOX 87</subfield>
      <subfield code="w">ALPHANUM</subfield>
      <subfield code="c">1</subfield>
      <subfield code="i">36105116120507</subfield>
      <subfield code="l">MSS-30</subfield>
      <subfield code="m">SPEC-COLL</subfield>
      <subfield code="r">Y</subfield>
      <subfield code="s">Y</subfield>
      <subfield code="t">NONCIRC</subfield>
      <subfield code="u">6/3/2003</subfield>
    </datafield>
    <datafield tag="999" ind1=" " ind2=" ">
      <subfield code="a">M1010 RG 2 BOX 89</subfield>
      <subfield code="w">ALPHANUM</subfield>
      <subfield code="c">1</subfield>
      <subfield code="i">36105116120523</subfield>
      <subfield code="l">MSS-30</subfield>
      <subfield code="m">SPEC-COLL</subfield>
      <subfield code="r">Y</subfield>
      <subfield code="s">Y</subfield>
      <subfield code="t">NONCIRC</subfield>
      <subfield code="u">6/3/2003</subfield>
    </datafield>
    <datafield tag="999" ind1=" " ind2=" ">
      <subfield code="a">M1010 RG 2 BOX 48</subfield>
      <subfield code="w">ALPHANUM</subfield>
      <subfield code="c">1</subfield>
      <subfield code="i">36105116120119</subfield>
      <subfield code="d">8/27/2009</subfield>
      <subfield code="l">MSS-30</subfield>
      <subfield code="m">SPEC-COLL</subfield>
      <subfield code="r">Y</subfield>
      <subfield code="s">Y</subfield>
      <subfield code="t">NONCIRC</subfield>
      <subfield code="u">6/3/2003</subfield>
    </datafield>
    <datafield tag="999" ind1=" " ind2=" ">
      <subfield code="a">M1010 RG 2 BOX 49</subfield>
      <subfield code="w">ALPHANUM</subfield>
      <subfield code="c">1</subfield>
      <subfield code="i">36105116120127</subfield>
      <subfield code="d">6/19/2008</subfield>
      <subfield code="l">MSS-30</subfield>
      <subfield code="m">SPEC-COLL</subfield>
      <subfield code="r">Y</subfield>
      <subfield code="s">Y</subfield>
      <subfield code="t">NONCIRC</subfield>
      <subfield code="u">6/3/2003</subfield>
    </datafield>
    <datafield tag="999" ind1=" " ind2=" ">
      <subfield code="a">M1010 RG 2 BOX 50</subfield>
      <subfield code="w">ALPHANUM</subfield>
      <subfield code="c">1</subfield>
      <subfield code="i">36105116120135</subfield>
      <subfield code="d">6/19/2008</subfield>
      <subfield code="l">MSS-30</subfield>
      <subfield code="m">SPEC-COLL</subfield>
      <subfield code="r">Y</subfield>
      <subfield code="s">Y</subfield>
      <subfield code="t">NONCIRC</subfield>
      <subfield code="u">6/3/2003</subfield>
    </datafield>
    <datafield tag="999" ind1=" " ind2=" ">
      <subfield code="a">M1010 RG 2 BOX 51</subfield>
      <subfield code="w">ALPHANUM</subfield>
      <subfield code="c">1</subfield>
      <subfield code="i">36105116120143</subfield>
      <subfield code="d">6/19/2008</subfield>
      <subfield code="l">MSS-30</subfield>
      <subfield code="m">SPEC-COLL</subfield>
      <subfield code="r">Y</subfield>
      <subfield code="s">Y</subfield>
      <subfield code="t">NONCIRC</subfield>
      <subfield code="u">6/3/2003</subfield>
    </datafield>
    <datafield tag="999" ind1=" " ind2=" ">
      <subfield code="a">M1010 RG 2 BOX 64</subfield>
      <subfield code="w">ALPHANUM</subfield>
      <subfield code="c">1</subfield>
      <subfield code="i">36105116120275</subfield>
      <subfield code="d">6/19/2008</subfield>
      <subfield code="l">MSS-30</subfield>
      <subfield code="m">SPEC-COLL</subfield>
      <subfield code="r">Y</subfield>
      <subfield code="s">Y</subfield>
      <subfield code="t">NONCIRC</subfield>
      <subfield code="u">6/3/2003</subfield>
    </datafield>
    <datafield tag="999" ind1=" " ind2=" ">
      <subfield code="a">M1010 RG 2 BOX 66</subfield>
      <subfield code="w">ALPHANUM</subfield>
      <subfield code="c">1</subfield>
      <subfield code="i">36105116120291</subfield>
      <subfield code="d">6/19/2008</subfield>
      <subfield code="l">MSS-30</subfield>
      <subfield code="m">SPEC-COLL</subfield>
      <subfield code="r">Y</subfield>
      <subfield code="s">Y</subfield>
      <subfield code="t">NONCIRC</subfield>
      <subfield code="u">6/3/2003</subfield>
    </datafield>
    <datafield tag="999" ind1=" " ind2=" ">
      <subfield code="a">M1010 RG 2 BOX 74</subfield>
      <subfield code="w">ALPHANUM</subfield>
      <subfield code="c">1</subfield>
      <subfield code="i">36105116120374</subfield>
      <subfield code="d">6/19/2008</subfield>
      <subfield code="l">MSS-30</subfield>
      <subfield code="m">SPEC-COLL</subfield>
      <subfield code="r">Y</subfield>
      <subfield code="s">Y</subfield>
      <subfield code="t">NONCIRC</subfield>
      <subfield code="u">6/3/2003</subfield>
    </datafield>
    <datafield tag="999" ind1=" " ind2=" ">
      <subfield code="a">M1010 RG 2 BOX 75</subfield>
      <subfield code="w">ALPHANUM</subfield>
      <subfield code="c">1</subfield>
      <subfield code="i">36105116120382</subfield>
      <subfield code="d">6/19/2008</subfield>
      <subfield code="l">MSS-30</subfield>
      <subfield code="m">SPEC-COLL</subfield>
      <subfield code="r">Y</subfield>
      <subfield code="s">Y</subfield>
      <subfield code="t">NONCIRC</subfield>
      <subfield code="u">6/3/2003</subfield>
    </datafield>
    <datafield tag="999" ind1=" " ind2=" ">
      <subfield code="a">M1010 RG 2 BOX 76</subfield>
      <subfield code="w">ALPHANUM</subfield>
      <subfield code="c">1</subfield>
      <subfield code="i">36105116120390</subfield>
      <subfield code="d">6/19/2008</subfield>
      <subfield code="l">MSS-30</subfield>
      <subfield code="m">SPEC-COLL</subfield>
      <subfield code="r">Y</subfield>
      <subfield code="s">Y</subfield>
      <subfield code="t">NONCIRC</subfield>
      <subfield code="u">6/3/2003</subfield>
    </datafield>
    <datafield tag="999" ind1=" " ind2=" ">
      <subfield code="a">M1010 RG 2 BOX 78</subfield>
      <subfield code="w">ALPHANUM</subfield>
      <subfield code="c">1</subfield>
      <subfield code="i">36105116120416</subfield>
      <subfield code="d">6/19/2008</subfield>
      <subfield code="l">MSS-30</subfield>
      <subfield code="m">SPEC-COLL</subfield>
      <subfield code="r">Y</subfield>
      <subfield code="s">Y</subfield>
      <subfield code="t">NONCIRC</subfield>
      <subfield code="u">6/3/2003</subfield>
    </datafield>
    <datafield tag="999" ind1=" " ind2=" ">
      <subfield code="a">M1010 RG 2 BOX 80</subfield>
      <subfield code="w">ALPHANUM</subfield>
      <subfield code="c">1</subfield>
      <subfield code="i">36105116120432</subfield>
      <subfield code="d">6/19/2008</subfield>
      <subfield code="l">MSS-30</subfield>
      <subfield code="m">SPEC-COLL</subfield>
      <subfield code="r">Y</subfield>
      <subfield code="s">Y</subfield>
      <subfield code="t">NONCIRC</subfield>
      <subfield code="u">6/3/2003</subfield>
    </datafield>
    <datafield tag="999" ind1=" " ind2=" ">
      <subfield code="a">M1010 RG 2 BOX 81</subfield>
      <subfield code="w">ALPHANUM</subfield>
      <subfield code="c">1</subfield>
      <subfield code="i">36105116120440</subfield>
      <subfield code="d">6/19/2008</subfield>
      <subfield code="l">MSS-30</subfield>
      <subfield code="m">SPEC-COLL</subfield>
      <subfield code="r">Y</subfield>
      <subfield code="s">Y</subfield>
      <subfield code="t">NONCIRC</subfield>
      <subfield code="u">6/3/2003</subfield>
    </datafield>
    <datafield tag="999" ind1=" " ind2=" ">
      <subfield code="a">M1010 RG 2 BOX 82</subfield>
      <subfield code="w">ALPHANUM</subfield>
      <subfield code="c">1</subfield>
      <subfield code="i">36105116120457</subfield>
      <subfield code="d">6/19/2008</subfield>
      <subfield code="l">MSS-30</subfield>
      <subfield code="m">SPEC-COLL</subfield>
      <subfield code="r">Y</subfield>
      <subfield code="s">Y</subfield>
      <subfield code="t">NONCIRC</subfield>
      <subfield code="u">6/3/2003</subfield>
    </datafield>
    <datafield tag="999" ind1=" " ind2=" ">
      <subfield code="a">M1010 RG 2 BOX 83</subfield>
      <subfield code="w">ALPHANUM</subfield>
      <subfield code="c">1</subfield>
      <subfield code="i">36105116120465</subfield>
      <subfield code="d">6/19/2008</subfield>
      <subfield code="l">MSS-30</subfield>
      <subfield code="m">SPEC-COLL</subfield>
      <subfield code="r">Y</subfield>
      <subfield code="s">Y</subfield>
      <subfield code="t">NONCIRC</subfield>
      <subfield code="u">6/3/2003</subfield>
    </datafield>
    <datafield tag="999" ind1=" " ind2=" ">
      <subfield code="a">M1010 RG 2 BOX 84</subfield>
      <subfield code="w">ALPHANUM</subfield>
      <subfield code="c">1</subfield>
      <subfield code="i">36105116120473</subfield>
      <subfield code="d">6/19/2008</subfield>
      <subfield code="l">MSS-30</subfield>
      <subfield code="m">SPEC-COLL</subfield>
      <subfield code="r">Y</subfield>
      <subfield code="s">Y</subfield>
      <subfield code="t">NONCIRC</subfield>
      <subfield code="u">6/3/2003</subfield>
    </datafield>
    <datafield tag="999" ind1=" " ind2=" ">
      <subfield code="a">M1010 RG 2 BOX 88</subfield>
      <subfield code="w">ALPHANUM</subfield>
      <subfield code="c">1</subfield>
      <subfield code="i">36105116120515</subfield>
      <subfield code="d">6/19/2008</subfield>
      <subfield code="l">MSS-30</subfield>
      <subfield code="m">SPEC-COLL</subfield>
      <subfield code="r">Y</subfield>
      <subfield code="s">Y</subfield>
      <subfield code="t">NONCIRC</subfield>
      <subfield code="u">6/3/2003</subfield>
    </datafield>
    <datafield tag="999" ind1=" " ind2=" ">
      <subfield code="a">M1010 RG 2 BOX 90</subfield>
      <subfield code="w">ALPHANUM</subfield>
      <subfield code="c">1</subfield>
      <subfield code="i">36105116120531</subfield>
      <subfield code="d">6/19/2008</subfield>
      <subfield code="l">MSS-30</subfield>
      <subfield code="m">SPEC-COLL</subfield>
      <subfield code="r">Y</subfield>
      <subfield code="s">Y</subfield>
      <subfield code="t">NONCIRC</subfield>
      <subfield code="u">6/3/2003</subfield>
    </datafield>
    <datafield tag="999" ind1=" " ind2=" ">
      <subfield code="a">M1010 RG 2 BOX 91</subfield>
      <subfield code="w">ALPHANUM</subfield>
      <subfield code="c">1</subfield>
      <subfield code="i">36105116120549</subfield>
      <subfield code="d">6/19/2008</subfield>
      <subfield code="l">MSS-30</subfield>
      <subfield code="m">SPEC-COLL</subfield>
      <subfield code="r">Y</subfield>
      <subfield code="s">Y</subfield>
      <subfield code="t">NONCIRC</subfield>
      <subfield code="u">6/3/2003</subfield>
    </datafield>
    <datafield tag="999" ind1=" " ind2=" ">
      <subfield code="a">M1010 RG 2 BOX 92</subfield>
      <subfield code="w">ALPHANUM</subfield>
      <subfield code="c">1</subfield>
      <subfield code="i">36105116120556</subfield>
      <subfield code="d">6/19/2008</subfield>
      <subfield code="l">MSS-30</subfield>
      <subfield code="m">SPEC-COLL</subfield>
      <subfield code="r">Y</subfield>
      <subfield code="s">Y</subfield>
      <subfield code="t">NONCIRC</subfield>
      <subfield code="u">6/3/2003</subfield>
    </datafield>
    <datafield tag="999" ind1=" " ind2=" ">
      <subfield code="a">M1010 RG 2 BOX 99</subfield>
      <subfield code="w">ALPHANUM</subfield>
      <subfield code="c">1</subfield>
      <subfield code="i">36105116120622</subfield>
      <subfield code="d">6/19/2008</subfield>
      <subfield code="l">MSS-30</subfield>
      <subfield code="m">SPEC-COLL</subfield>
      <subfield code="r">Y</subfield>
      <subfield code="s">Y</subfield>
      <subfield code="t">NONCIRC</subfield>
      <subfield code="u">6/3/2003</subfield>
    </datafield>
    <datafield tag="999" ind1=" " ind2=" ">
      <subfield code="a">M1010 RG 2 BOX 100</subfield>
      <subfield code="w">ALPHANUM</subfield>
      <subfield code="c">1</subfield>
      <subfield code="i">36105116120630</subfield>
      <subfield code="d">6/19/2008</subfield>
      <subfield code="l">MSS-30</subfield>
      <subfield code="m">SPEC-COLL</subfield>
      <subfield code="r">Y</subfield>
      <subfield code="s">Y</subfield>
      <subfield code="t">NONCIRC</subfield>
      <subfield code="u">6/3/2003</subfield>
    </datafield>
    <datafield tag="999" ind1=" " ind2=" ">
      <subfield code="a">M1010 RG 2 BOX 104</subfield>
      <subfield code="w">ALPHANUM</subfield>
      <subfield code="c">1</subfield>
      <subfield code="i">36105116120671</subfield>
      <subfield code="d">6/19/2008</subfield>
      <subfield code="l">MSS-30</subfield>
      <subfield code="m">SPEC-COLL</subfield>
      <subfield code="r">Y</subfield>
      <subfield code="s">Y</subfield>
      <subfield code="t">NONCIRC</subfield>
      <subfield code="u">6/3/2003</subfield>
    </datafield>
    <datafield tag="999" ind1=" " ind2=" ">
      <subfield code="a">M1010 RG 2 BOX 110</subfield>
      <subfield code="w">ALPHANUM</subfield>
      <subfield code="c">1</subfield>
      <subfield code="i">36105116120739</subfield>
      <subfield code="d">6/19/2008</subfield>
      <subfield code="l">MSS-30</subfield>
      <subfield code="m">SPEC-COLL</subfield>
      <subfield code="r">Y</subfield>
      <subfield code="s">Y</subfield>
      <subfield code="t">NONCIRC</subfield>
      <subfield code="u">6/3/2003</subfield>
    </datafield>
    <datafield tag="999" ind1=" " ind2=" ">
      <subfield code="a">M1010 RG 2 BOX 119</subfield>
      <subfield code="w">ALPHANUM</subfield>
      <subfield code="c">1</subfield>
      <subfield code="i">36105116120820</subfield>
      <subfield code="d">6/19/2008</subfield>
      <subfield code="l">MSS-30</subfield>
      <subfield code="m">SPEC-COLL</subfield>
      <subfield code="r">Y</subfield>
      <subfield code="s">Y</subfield>
      <subfield code="t">NONCIRC</subfield>
      <subfield code="u">6/3/2003</subfield>
    </datafield>
    <datafield tag="999" ind1=" " ind2=" ">
      <subfield code="a">M1010 RG 2 BOX 120</subfield>
      <subfield code="w">ALPHANUM</subfield>
      <subfield code="c">1</subfield>
      <subfield code="i">36105116120838</subfield>
      <subfield code="d">6/19/2008</subfield>
      <subfield code="l">MSS-30</subfield>
      <subfield code="m">SPEC-COLL</subfield>
      <subfield code="r">Y</subfield>
      <subfield code="s">Y</subfield>
      <subfield code="t">NONCIRC</subfield>
      <subfield code="u">6/3/2003</subfield>
    </datafield>
    <datafield tag="999" ind1=" " ind2=" ">
      <subfield code="a">M1010 RG 2 FLAT BOX 122</subfield>
      <subfield code="w">ALPHANUM</subfield>
      <subfield code="c">1</subfield>
      <subfield code="i">36105116120853</subfield>
      <subfield code="d">6/19/2008</subfield>
      <subfield code="l">MSS-30</subfield>
      <subfield code="m">SPEC-COLL</subfield>
      <subfield code="r">Y</subfield>
      <subfield code="s">Y</subfield>
      <subfield code="t">NONCIRC</subfield>
      <subfield code="u">6/3/2003</subfield>
    </datafield>
    <datafield tag="999" ind1=" " ind2=" ">
      <subfield code="a">M1010 RG 2 FLAT BOX 123</subfield>
      <subfield code="w">ALPHANUM</subfield>
      <subfield code="c">1</subfield>
      <subfield code="i">36105116120861</subfield>
      <subfield code="d">6/19/2008</subfield>
      <subfield code="l">MSS-30</subfield>
      <subfield code="m">SPEC-COLL</subfield>
      <subfield code="r">Y</subfield>
      <subfield code="s">Y</subfield>
      <subfield code="t">NONCIRC</subfield>
      <subfield code="u">6/3/2003</subfield>
    </datafield>
    <datafield tag="999" ind1=" " ind2=" ">
      <subfield code="a">M1010 RG 2 FLAT BOX 201</subfield>
      <subfield code="w">ALPHANUM</subfield>
      <subfield code="c">1</subfield>
      <subfield code="i">36105116121646</subfield>
      <subfield code="d">6/19/2008</subfield>
      <subfield code="l">MSS-30</subfield>
      <subfield code="m">SPEC-COLL</subfield>
      <subfield code="r">Y</subfield>
      <subfield code="s">Y</subfield>
      <subfield code="t">NONCIRC</subfield>
      <subfield code="u">6/3/2003</subfield>
    </datafield>
    <datafield tag="999" ind1=" " ind2=" ">
      <subfield code="a">M1010 RG 2 FLAT BOX 206</subfield>
      <subfield code="w">ALPHANUM</subfield>
      <subfield code="c">1</subfield>
      <subfield code="i">36105116121695</subfield>
      <subfield code="d">6/19/2008</subfield>
      <subfield code="l">MSS-30</subfield>
      <subfield code="m">SPEC-COLL</subfield>
      <subfield code="r">Y</subfield>
      <subfield code="s">Y</subfield>
      <subfield code="t">NONCIRC</subfield>
      <subfield code="u">6/3/2003</subfield>
    </datafield>
    <datafield tag="999" ind1=" " ind2=" ">
      <subfield code="a">M1010 RG 2 FLAT BOX 207</subfield>
      <subfield code="w">ALPHANUM</subfield>
      <subfield code="c">1</subfield>
      <subfield code="i">36105116121703</subfield>
      <subfield code="d">6/19/2008</subfield>
      <subfield code="l">MSS-30</subfield>
      <subfield code="m">SPEC-COLL</subfield>
      <subfield code="r">Y</subfield>
      <subfield code="s">Y</subfield>
      <subfield code="t">NONCIRC</subfield>
      <subfield code="u">6/3/2003</subfield>
    </datafield>
    <datafield tag="999" ind1=" " ind2=" ">
      <subfield code="a">M1010 RG 2 FLAT BOX 209</subfield>
      <subfield code="w">ALPHANUM</subfield>
      <subfield code="c">1</subfield>
      <subfield code="i">36105116121729</subfield>
      <subfield code="d">6/19/2008</subfield>
      <subfield code="l">MSS-30</subfield>
      <subfield code="m">SPEC-COLL</subfield>
      <subfield code="r">Y</subfield>
      <subfield code="s">Y</subfield>
      <subfield code="t">NONCIRC</subfield>
      <subfield code="u">6/3/2003</subfield>
    </datafield>
    <datafield tag="999" ind1=" " ind2=" ">
      <subfield code="a">M1010 RG 2 BOX 523</subfield>
      <subfield code="w">ALPHANUM</subfield>
      <subfield code="c">1</subfield>
      <subfield code="i">36105116128971</subfield>
      <subfield code="d">6/19/2008</subfield>
      <subfield code="l">MSS-30</subfield>
      <subfield code="m">SPEC-COLL</subfield>
      <subfield code="r">Y</subfield>
      <subfield code="s">Y</subfield>
      <subfield code="t">NONCIRC</subfield>
      <subfield code="u">11/11/2003</subfield>
    </datafield>
    <datafield tag="999" ind1=" " ind2=" ">
      <subfield code="a">M1010 RG 2 BOX 525</subfield>
      <subfield code="w">ALPHANUM</subfield>
      <subfield code="c">1</subfield>
      <subfield code="i">36105116128997</subfield>
      <subfield code="d">6/19/2008</subfield>
      <subfield code="l">MSS-30</subfield>
      <subfield code="m">SPEC-COLL</subfield>
      <subfield code="r">Y</subfield>
      <subfield code="s">Y</subfield>
      <subfield code="t">NONCIRC</subfield>
      <subfield code="u">11/11/2003</subfield>
    </datafield>
    <datafield tag="999" ind1=" " ind2=" ">
      <subfield code="a">M1010 RG 2 BOX 536</subfield>
      <subfield code="w">ALPHANUM</subfield>
      <subfield code="c">1</subfield>
      <subfield code="i">36105116129102</subfield>
      <subfield code="d">6/19/2008</subfield>
      <subfield code="l">MSS-30</subfield>
      <subfield code="m">SPEC-COLL</subfield>
      <subfield code="r">Y</subfield>
      <subfield code="s">Y</subfield>
      <subfield code="t">NONCIRC</subfield>
      <subfield code="u">11/11/2003</subfield>
    </datafield>
    <datafield tag="999" ind1=" " ind2=" ">
      <subfield code="a">M1010 RG 2 TUBE 0244</subfield>
      <subfield code="w">ALPHANUM</subfield>
      <subfield code="c">1</subfield>
      <subfield code="i">36105115640554</subfield>
      <subfield code="l">MSS-30</subfield>
      <subfield code="m">SPEC-COLL</subfield>
      <subfield code="r">Y</subfield>
      <subfield code="s">Y</subfield>
      <subfield code="t">NONCIRC</subfield>
      <subfield code="u">2/2/2009</subfield>
    </datafield>
    <datafield tag="999" ind1=" " ind2=" ">
      <subfield code="a">M1010 RG 2 TUBE 0245</subfield>
      <subfield code="w">ALPHANUM</subfield>
      <subfield code="c">1</subfield>
      <subfield code="i">36105115640562</subfield>
      <subfield code="l">MSS-30</subfield>
      <subfield code="m">SPEC-COLL</subfield>
      <subfield code="r">Y</subfield>
      <subfield code="s">Y</subfield>
      <subfield code="t">NONCIRC</subfield>
      <subfield code="u">2/2/2009</subfield>
    </datafield>
    <datafield tag="999" ind1=" " ind2=" ">
      <subfield code="a">M1010 RG 2 TUBE 0246</subfield>
      <subfield code="w">ALPHANUM</subfield>
      <subfield code="c">1</subfield>
      <subfield code="i">36105115640570</subfield>
      <subfield code="l">MSS-30</subfield>
      <subfield code="m">SPEC-COLL</subfield>
      <subfield code="r">Y</subfield>
      <subfield code="s">Y</subfield>
      <subfield code="t">NONCIRC</subfield>
      <subfield code="u">2/2/2009</subfield>
    </datafield>
    <datafield tag="999" ind1=" " ind2=" ">
      <subfield code="a">M1010 RG 2 TUBE 0247</subfield>
      <subfield code="w">ALPHANUM</subfield>
      <subfield code="c">1</subfield>
      <subfield code="i">36105115640588</subfield>
      <subfield code="l">MSS-30</subfield>
      <subfield code="m">SPEC-COLL</subfield>
      <subfield code="r">Y</subfield>
      <subfield code="s">Y</subfield>
      <subfield code="t">NONCIRC</subfield>
      <subfield code="u">2/2/2009</subfield>
    </datafield>
    <datafield tag="999" ind1=" " ind2=" ">
      <subfield code="a">M1010 RG 2 TUBE 0248</subfield>
      <subfield code="w">ALPHANUM</subfield>
      <subfield code="c">1</subfield>
      <subfield code="i">36105115640596</subfield>
      <subfield code="l">MSS-30</subfield>
      <subfield code="m">SPEC-COLL</subfield>
      <subfield code="r">Y</subfield>
      <subfield code="s">Y</subfield>
      <subfield code="t">NONCIRC</subfield>
      <subfield code="u">2/2/2009</subfield>
    </datafield>
    <datafield tag="999" ind1=" " ind2=" ">
      <subfield code="a">M1010 RG 2 TUBE 0249</subfield>
      <subfield code="w">ALPHANUM</subfield>
      <subfield code="c">1</subfield>
      <subfield code="i">36105115640604</subfield>
      <subfield code="l">MSS-30</subfield>
      <subfield code="m">SPEC-COLL</subfield>
      <subfield code="r">Y</subfield>
      <subfield code="s">Y</subfield>
      <subfield code="t">NONCIRC</subfield>
      <subfield code="u">2/2/2009</subfield>
    </datafield>
    <datafield tag="999" ind1=" " ind2=" ">
      <subfield code="a">M1010 RG 2 TUBE 0250</subfield>
      <subfield code="w">ALPHANUM</subfield>
      <subfield code="c">1</subfield>
      <subfield code="i">36105115640612</subfield>
      <subfield code="l">MSS-30</subfield>
      <subfield code="m">SPEC-COLL</subfield>
      <subfield code="r">Y</subfield>
      <subfield code="s">Y</subfield>
      <subfield code="t">NONCIRC</subfield>
      <subfield code="u">2/2/2009</subfield>
    </datafield>
    <datafield tag="999" ind1=" " ind2=" ">
      <subfield code="a">M1010 RG 2 TUBE 0251</subfield>
      <subfield code="w">ALPHANUM</subfield>
      <subfield code="c">1</subfield>
      <subfield code="i">36105115640620</subfield>
      <subfield code="l">MSS-30</subfield>
      <subfield code="m">SPEC-COLL</subfield>
      <subfield code="r">Y</subfield>
      <subfield code="s">Y</subfield>
      <subfield code="t">NONCIRC</subfield>
      <subfield code="u">2/2/2009</subfield>
    </datafield>
    <datafield tag="999" ind1=" " ind2=" ">
      <subfield code="a">M1010 RG 2 TUBE 0252</subfield>
      <subfield code="w">ALPHANUM</subfield>
      <subfield code="c">1</subfield>
      <subfield code="i">36105115640638</subfield>
      <subfield code="l">MSS-30</subfield>
      <subfield code="m">SPEC-COLL</subfield>
      <subfield code="r">Y</subfield>
      <subfield code="s">Y</subfield>
      <subfield code="t">NONCIRC</subfield>
      <subfield code="u">2/2/2009</subfield>
    </datafield>
    <datafield tag="999" ind1=" " ind2=" ">
      <subfield code="a">M1010 RG 2 TUBE 0253</subfield>
      <subfield code="w">ALPHANUM</subfield>
      <subfield code="c">1</subfield>
      <subfield code="i">36105115640646</subfield>
      <subfield code="l">MSS-30</subfield>
      <subfield code="m">SPEC-COLL</subfield>
      <subfield code="r">Y</subfield>
      <subfield code="s">Y</subfield>
      <subfield code="t">NONCIRC</subfield>
      <subfield code="u">2/2/2009</subfield>
    </datafield>
    <datafield tag="999" ind1=" " ind2=" ">
      <subfield code="a">M1010 RG 2 TUBE 0254</subfield>
      <subfield code="w">ALPHANUM</subfield>
      <subfield code="c">1</subfield>
      <subfield code="i">36105115640653</subfield>
      <subfield code="l">MSS-30</subfield>
      <subfield code="m">SPEC-COLL</subfield>
      <subfield code="r">Y</subfield>
      <subfield code="s">Y</subfield>
      <subfield code="t">NONCIRC</subfield>
      <subfield code="u">2/2/2009</subfield>
    </datafield>
    <datafield tag="999" ind1=" " ind2=" ">
      <subfield code="a">M1010 RG 2 TUBE 0255</subfield>
      <subfield code="w">ALPHANUM</subfield>
      <subfield code="c">1</subfield>
      <subfield code="i">36105115640661</subfield>
      <subfield code="l">MSS-30</subfield>
      <subfield code="m">SPEC-COLL</subfield>
      <subfield code="r">Y</subfield>
      <subfield code="s">Y</subfield>
      <subfield code="t">NONCIRC</subfield>
      <subfield code="u">2/2/2009</subfield>
    </datafield>
    <datafield tag="999" ind1=" " ind2=" ">
      <subfield code="a">M1010 RG 2 TUBE 0256</subfield>
      <subfield code="w">ALPHANUM</subfield>
      <subfield code="c">1</subfield>
      <subfield code="i">36105115640679</subfield>
      <subfield code="l">MSS-30</subfield>
      <subfield code="m">SPEC-COLL</subfield>
      <subfield code="r">Y</subfield>
      <subfield code="s">Y</subfield>
      <subfield code="t">NONCIRC</subfield>
      <subfield code="u">2/2/2009</subfield>
    </datafield>
    <datafield tag="999" ind1=" " ind2=" ">
      <subfield code="a">M1010 RG 2 TUBE 0257</subfield>
      <subfield code="w">ALPHANUM</subfield>
      <subfield code="c">1</subfield>
      <subfield code="i">36105115640687</subfield>
      <subfield code="l">MSS-30</subfield>
      <subfield code="m">SPEC-COLL</subfield>
      <subfield code="r">Y</subfield>
      <subfield code="s">Y</subfield>
      <subfield code="t">NONCIRC</subfield>
      <subfield code="u">2/2/2009</subfield>
    </datafield>
    <datafield tag="999" ind1=" " ind2=" ">
      <subfield code="a">M1010 RG 2 TUBE 0258</subfield>
      <subfield code="w">ALPHANUM</subfield>
      <subfield code="c">1</subfield>
      <subfield code="i">36105115640695</subfield>
      <subfield code="l">MSS-30</subfield>
      <subfield code="m">SPEC-COLL</subfield>
      <subfield code="r">Y</subfield>
      <subfield code="s">Y</subfield>
      <subfield code="t">NONCIRC</subfield>
      <subfield code="u">2/2/2009</subfield>
    </datafield>
    <datafield tag="999" ind1=" " ind2=" ">
      <subfield code="a">M1010 RG 2 TUBE 0259</subfield>
      <subfield code="w">ALPHANUM</subfield>
      <subfield code="c">1</subfield>
      <subfield code="i">36105115640703</subfield>
      <subfield code="l">MANUSCRIPT</subfield>
      <subfield code="m">SPEC-COLL</subfield>
      <subfield code="r">Y</subfield>
      <subfield code="s">Y</subfield>
      <subfield code="t">MANUSCRIPT</subfield>
      <subfield code="u">2/2/2009</subfield>
    </datafield>
    <datafield tag="999" ind1=" " ind2=" ">
      <subfield code="a">M1010 RG 2 LARGE MAP FOLDER 141</subfield>
      <subfield code="w">ALPHANUM</subfield>
      <subfield code="c">1</subfield>
      <subfield code="i">36105115641073</subfield>
      <subfield code="l">MSS-30</subfield>
      <subfield code="m">SPEC-COLL</subfield>
      <subfield code="r">Y</subfield>
      <subfield code="s">Y</subfield>
      <subfield code="t">NONCIRC</subfield>
      <subfield code="u">2/2/2009</subfield>
    </datafield>
    <datafield tag="999" ind1=" " ind2=" ">
      <subfield code="a">M1010 RG 2 LARGE MAP FOLDER 142</subfield>
      <subfield code="w">ALPHANUM</subfield>
      <subfield code="c">1</subfield>
      <subfield code="i">36105115640711</subfield>
      <subfield code="l">MSS-30</subfield>
      <subfield code="m">SPEC-COLL</subfield>
      <subfield code="r">Y</subfield>
      <subfield code="s">Y</subfield>
      <subfield code="t">NONCIRC</subfield>
      <subfield code="u">2/2/2009</subfield>
    </datafield>
    <datafield tag="999" ind1=" " ind2=" ">
      <subfield code="a">M1010 RG 2 LARGE MAP FOLDER 143</subfield>
      <subfield code="w">ALPHANUM</subfield>
      <subfield code="c">1</subfield>
      <subfield code="i">36105115640729</subfield>
      <subfield code="l">MSS-30</subfield>
      <subfield code="m">SPEC-COLL</subfield>
      <subfield code="r">Y</subfield>
      <subfield code="s">Y</subfield>
      <subfield code="t">NONCIRC</subfield>
      <subfield code="u">2/2/2009</subfield>
    </datafield>
    <datafield tag="999" ind1=" " ind2=" ">
      <subfield code="a">M1010 RG 2 LARGE MAP FOLDER 144</subfield>
      <subfield code="w">ALPHANUM</subfield>
      <subfield code="c">1</subfield>
      <subfield code="i">36105115640737</subfield>
      <subfield code="l">MSS-30</subfield>
      <subfield code="m">SPEC-COLL</subfield>
      <subfield code="r">Y</subfield>
      <subfield code="s">Y</subfield>
      <subfield code="t">NONCIRC</subfield>
      <subfield code="u">2/2/2009</subfield>
    </datafield>
    <datafield tag="999" ind1=" " ind2=" ">
      <subfield code="a">M1010 RG 2 LARGE MAP FOLDER 145</subfield>
      <subfield code="w">ALPHANUM</subfield>
      <subfield code="c">1</subfield>
      <subfield code="i">36105115640745</subfield>
      <subfield code="l">MSS-30</subfield>
      <subfield code="m">SPEC-COLL</subfield>
      <subfield code="r">Y</subfield>
      <subfield code="s">Y</subfield>
      <subfield code="t">NONCIRC</subfield>
      <subfield code="u">2/2/2009</subfield>
    </datafield>
    <datafield tag="999" ind1=" " ind2=" ">
      <subfield code="a">M1010 RG 2 LARGE MAP FOLDER 146</subfield>
      <subfield code="w">ALPHANUM</subfield>
      <subfield code="c">1</subfield>
      <subfield code="i">36105115641081</subfield>
      <subfield code="l">MSS-30</subfield>
      <subfield code="m">SPEC-COLL</subfield>
      <subfield code="r">Y</subfield>
      <subfield code="s">Y</subfield>
      <subfield code="t">NONCIRC</subfield>
      <subfield code="u">2/2/2009</subfield>
    </datafield>
    <datafield tag="999" ind1=" " ind2=" ">
      <subfield code="a">M1010 RG 2 LARGE MAP FOLDER 147</subfield>
      <subfield code="w">ALPHANUM</subfield>
      <subfield code="c">1</subfield>
      <subfield code="i">36105115640752</subfield>
      <subfield code="l">MSS-30</subfield>
      <subfield code="m">SPEC-COLL</subfield>
      <subfield code="r">Y</subfield>
      <subfield code="s">Y</subfield>
      <subfield code="t">NONCIRC</subfield>
      <subfield code="u">2/2/2009</subfield>
    </datafield>
    <datafield tag="999" ind1=" " ind2=" ">
      <subfield code="a">M1010 RG 2 LARGE MAP FOLDER 148</subfield>
      <subfield code="w">ALPHANUM</subfield>
      <subfield code="c">1</subfield>
      <subfield code="i">36105115641099</subfield>
      <subfield code="l">MSS-30</subfield>
      <subfield code="m">SPEC-COLL</subfield>
      <subfield code="r">Y</subfield>
      <subfield code="s">Y</subfield>
      <subfield code="t">NONCIRC</subfield>
      <subfield code="u">2/2/2009</subfield>
    </datafield>
    <datafield tag="999" ind1=" " ind2=" ">
      <subfield code="a">M1010 RG 2 LARGE MAP FOLDER 149</subfield>
      <subfield code="w">ALPHANUM</subfield>
      <subfield code="c">1</subfield>
      <subfield code="i">36105115640760</subfield>
      <subfield code="l">MSS-30</subfield>
      <subfield code="m">SPEC-COLL</subfield>
      <subfield code="r">Y</subfield>
      <subfield code="s">Y</subfield>
      <subfield code="t">NONCIRC</subfield>
      <subfield code="u">2/2/2009</subfield>
    </datafield>
    <datafield tag="999" ind1=" " ind2=" ">
      <subfield code="a">M1010 RG 2 LARGE MAP FOLDER 150</subfield>
      <subfield code="w">ALPHANUM</subfield>
      <subfield code="c">1</subfield>
      <subfield code="i">36105115641107</subfield>
      <subfield code="l">MSS-30</subfield>
      <subfield code="m">SPEC-COLL</subfield>
      <subfield code="r">Y</subfield>
      <subfield code="s">Y</subfield>
      <subfield code="t">NONCIRC</subfield>
      <subfield code="u">2/2/2009</subfield>
    </datafield>
    <datafield tag="999" ind1=" " ind2=" ">
      <subfield code="a">M1010 RG 2 LARGE MAP FOLDER 151</subfield>
      <subfield code="w">ALPHANUM</subfield>
      <subfield code="c">1</subfield>
      <subfield code="i">36105115641115</subfield>
      <subfield code="l">MSS-30</subfield>
      <subfield code="m">SPEC-COLL</subfield>
      <subfield code="r">Y</subfield>
      <subfield code="s">Y</subfield>
      <subfield code="t">NONCIRC</subfield>
      <subfield code="u">2/2/2009</subfield>
    </datafield>
    <datafield tag="999" ind1=" " ind2=" ">
      <subfield code="a">M1010 RG 2 LARGE MAP FOLDER 152</subfield>
      <subfield code="w">ALPHANUM</subfield>
      <subfield code="c">1</subfield>
      <subfield code="i">36105115640778</subfield>
      <subfield code="l">MSS-30</subfield>
      <subfield code="m">SPEC-COLL</subfield>
      <subfield code="r">Y</subfield>
      <subfield code="s">Y</subfield>
      <subfield code="t">NONCIRC</subfield>
      <subfield code="u">2/2/2009</subfield>
    </datafield>
    <datafield tag="999" ind1=" " ind2=" ">
      <subfield code="a">M1010 RG 2 LARGE MAP FOLDER 153</subfield>
      <subfield code="w">ALPHANUM</subfield>
      <subfield code="c">1</subfield>
      <subfield code="i">36105115641123</subfield>
      <subfield code="l">MSS-30</subfield>
      <subfield code="m">SPEC-COLL</subfield>
      <subfield code="r">Y</subfield>
      <subfield code="s">Y</subfield>
      <subfield code="t">NONCIRC</subfield>
      <subfield code="u">2/2/2009</subfield>
    </datafield>
    <datafield tag="999" ind1=" " ind2=" ">
      <subfield code="a">M1010 RG 2 LARGE MAP FOLDER 154</subfield>
      <subfield code="w">ALPHANUM</subfield>
      <subfield code="c">1</subfield>
      <subfield code="i">36105115640786</subfield>
      <subfield code="l">MSS-30</subfield>
      <subfield code="m">SPEC-COLL</subfield>
      <subfield code="r">Y</subfield>
      <subfield code="s">Y</subfield>
      <subfield code="t">NONCIRC</subfield>
      <subfield code="u">2/2/2009</subfield>
    </datafield>
    <datafield tag="999" ind1=" " ind2=" ">
      <subfield code="a">M1010 RG 2 LARGE MAP FOLDER 155</subfield>
      <subfield code="w">ALPHANUM</subfield>
      <subfield code="c">1</subfield>
      <subfield code="i">36105115640794</subfield>
      <subfield code="l">MSS-30</subfield>
      <subfield code="m">SPEC-COLL</subfield>
      <subfield code="r">Y</subfield>
      <subfield code="s">Y</subfield>
      <subfield code="t">NONCIRC</subfield>
      <subfield code="u">2/2/2009</subfield>
    </datafield>
    <datafield tag="999" ind1=" " ind2=" ">
      <subfield code="a">M1010 RG 2 LARGE MAP FOLDER 156</subfield>
      <subfield code="w">ALPHANUM</subfield>
      <subfield code="c">1</subfield>
      <subfield code="i">36105115640802</subfield>
      <subfield code="l">MSS-30</subfield>
      <subfield code="m">SPEC-COLL</subfield>
      <subfield code="r">Y</subfield>
      <subfield code="s">Y</subfield>
      <subfield code="t">NONCIRC</subfield>
      <subfield code="u">2/2/2009</subfield>
    </datafield>
    <datafield tag="999" ind1=" " ind2=" ">
      <subfield code="a">M1010 RG 2 LARGE MAP FOLDER 157</subfield>
      <subfield code="w">ALPHANUM</subfield>
      <subfield code="c">1</subfield>
      <subfield code="i">36105115640810</subfield>
      <subfield code="l">MSS-30</subfield>
      <subfield code="m">SPEC-COLL</subfield>
      <subfield code="r">Y</subfield>
      <subfield code="s">Y</subfield>
      <subfield code="t">NONCIRC</subfield>
      <subfield code="u">2/2/2009</subfield>
    </datafield>
    <datafield tag="999" ind1=" " ind2=" ">
      <subfield code="a">M1010 RG 2 LARGE MAP FOLDER 158</subfield>
      <subfield code="w">ALPHANUM</subfield>
      <subfield code="c">1</subfield>
      <subfield code="i">36105115641131</subfield>
      <subfield code="l">MSS-30</subfield>
      <subfield code="m">SPEC-COLL</subfield>
      <subfield code="r">Y</subfield>
      <subfield code="s">Y</subfield>
      <subfield code="t">NONCIRC</subfield>
      <subfield code="u">2/2/2009</subfield>
    </datafield>
    <datafield tag="999" ind1=" " ind2=" ">
      <subfield code="a">M1010 RG 2 LARGE MAP FOLDER 159</subfield>
      <subfield code="w">ALPHANUM</subfield>
      <subfield code="c">1</subfield>
      <subfield code="i">36105115641149</subfield>
      <subfield code="l">MSS-30</subfield>
      <subfield code="m">SPEC-COLL</subfield>
      <subfield code="r">Y</subfield>
      <subfield code="s">Y</subfield>
      <subfield code="t">NONCIRC</subfield>
      <subfield code="u">2/2/2009</subfield>
    </datafield>
    <datafield tag="999" ind1=" " ind2=" ">
      <subfield code="a">M1010 RG 2 LARGE MAP FOLDER 160</subfield>
      <subfield code="w">ALPHANUM</subfield>
      <subfield code="c">1</subfield>
      <subfield code="i">36105115641156</subfield>
      <subfield code="l">MSS-30</subfield>
      <subfield code="m">SPEC-COLL</subfield>
      <subfield code="r">Y</subfield>
      <subfield code="s">Y</subfield>
      <subfield code="t">NONCIRC</subfield>
      <subfield code="u">2/2/2009</subfield>
    </datafield>
    <datafield tag="999" ind1=" " ind2=" ">
      <subfield code="a">M1010 RG 2 LARGE MAP FOLDER 161</subfield>
      <subfield code="w">ALPHANUM</subfield>
      <subfield code="c">1</subfield>
      <subfield code="i">36105115641164</subfield>
      <subfield code="l">MSS-30</subfield>
      <subfield code="m">SPEC-COLL</subfield>
      <subfield code="r">Y</subfield>
      <subfield code="s">Y</subfield>
      <subfield code="t">NONCIRC</subfield>
      <subfield code="u">2/2/2009</subfield>
    </datafield>
    <datafield tag="999" ind1=" " ind2=" ">
      <subfield code="a">M1010 RG 2 LARGE MAP FOLDER 162</subfield>
      <subfield code="w">ALPHANUM</subfield>
      <subfield code="c">1</subfield>
      <subfield code="i">36105115640828</subfield>
      <subfield code="l">MSS-30</subfield>
      <subfield code="m">SPEC-COLL</subfield>
      <subfield code="r">Y</subfield>
      <subfield code="s">Y</subfield>
      <subfield code="t">NONCIRC</subfield>
      <subfield code="u">2/2/2009</subfield>
    </datafield>
    <datafield tag="999" ind1=" " ind2=" ">
      <subfield code="a">M1010 RG 2 LARGE MAP FOLDER 163</subfield>
      <subfield code="w">ALPHANUM</subfield>
      <subfield code="c">1</subfield>
      <subfield code="i">36105115640836</subfield>
      <subfield code="l">MSS-30</subfield>
      <subfield code="m">SPEC-COLL</subfield>
      <subfield code="r">Y</subfield>
      <subfield code="s">Y</subfield>
      <subfield code="t">NONCIRC</subfield>
      <subfield code="u">2/2/2009</subfield>
    </datafield>
    <datafield tag="999" ind1=" " ind2=" ">
      <subfield code="a">M1010 RG 2 LARGE MAP FOLDER 164</subfield>
      <subfield code="w">ALPHANUM</subfield>
      <subfield code="c">1</subfield>
      <subfield code="i">36105115641172</subfield>
      <subfield code="l">MSS-30</subfield>
      <subfield code="m">SPEC-COLL</subfield>
      <subfield code="r">Y</subfield>
      <subfield code="s">Y</subfield>
      <subfield code="t">NONCIRC</subfield>
      <subfield code="u">2/2/2009</subfield>
    </datafield>
    <datafield tag="999" ind1=" " ind2=" ">
      <subfield code="a">M1010 RG 2 LARGE MAP FOLDER 165</subfield>
      <subfield code="w">ALPHANUM</subfield>
      <subfield code="c">1</subfield>
      <subfield code="i">36105115641180</subfield>
      <subfield code="l">MSS-30</subfield>
      <subfield code="m">SPEC-COLL</subfield>
      <subfield code="r">Y</subfield>
      <subfield code="s">Y</subfield>
      <subfield code="t">NONCIRC</subfield>
      <subfield code="u">2/2/2009</subfield>
    </datafield>
    <datafield tag="999" ind1=" " ind2=" ">
      <subfield code="a">M1010 RG 2 LARGE MAP FOLDER 167</subfield>
      <subfield code="w">ALPHANUM</subfield>
      <subfield code="c">1</subfield>
      <subfield code="i">36105115640851</subfield>
      <subfield code="l">MSS-30</subfield>
      <subfield code="m">SPEC-COLL</subfield>
      <subfield code="r">Y</subfield>
      <subfield code="s">Y</subfield>
      <subfield code="t">NONCIRC</subfield>
      <subfield code="u">2/2/2009</subfield>
    </datafield>
    <datafield tag="999" ind1=" " ind2=" ">
      <subfield code="a">M1010 RG 2 LARGE MAP FOLDER 168</subfield>
      <subfield code="w">ALPHANUM</subfield>
      <subfield code="c">1</subfield>
      <subfield code="i">36105115641198</subfield>
      <subfield code="l">MSS-30</subfield>
      <subfield code="m">SPEC-COLL</subfield>
      <subfield code="r">Y</subfield>
      <subfield code="s">Y</subfield>
      <subfield code="t">NONCIRC</subfield>
      <subfield code="u">2/2/2009</subfield>
    </datafield>
    <datafield tag="999" ind1=" " ind2=" ">
      <subfield code="a">M1010 RG 2 LARGE MAP FOLDER 166</subfield>
      <subfield code="w">ALPHANUM</subfield>
      <subfield code="c">1</subfield>
      <subfield code="i">36105115640844</subfield>
      <subfield code="l">MSS-30</subfield>
      <subfield code="m">SPEC-COLL</subfield>
      <subfield code="r">Y</subfield>
      <subfield code="s">Y</subfield>
      <subfield code="t">NONCIRC</subfield>
      <subfield code="u">2/2/2009</subfield>
    </datafield>
    <datafield tag="999" ind1=" " ind2=" ">
      <subfield code="a">M1010 RG 2 LARGE MAP FOLDER 169</subfield>
      <subfield code="w">ALPHANUM</subfield>
      <subfield code="c">1</subfield>
      <subfield code="i">36105115641206</subfield>
      <subfield code="l">MSS-30</subfield>
      <subfield code="m">SPEC-COLL</subfield>
      <subfield code="r">Y</subfield>
      <subfield code="s">Y</subfield>
      <subfield code="t">NONCIRC</subfield>
      <subfield code="u">2/2/2009</subfield>
    </datafield>
    <datafield tag="999" ind1=" " ind2=" ">
      <subfield code="a">M1010 RG 2 LARGE MAP FOLDER 170</subfield>
      <subfield code="w">ALPHANUM</subfield>
      <subfield code="c">1</subfield>
      <subfield code="i">36105115640869</subfield>
      <subfield code="l">MSS-30</subfield>
      <subfield code="m">SPEC-COLL</subfield>
      <subfield code="r">Y</subfield>
      <subfield code="s">Y</subfield>
      <subfield code="t">NONCIRC</subfield>
      <subfield code="u">2/2/2009</subfield>
    </datafield>
    <datafield tag="999" ind1=" " ind2=" ">
      <subfield code="a">M1010 RG 2 LARGE MAP FOLDER 171</subfield>
      <subfield code="w">ALPHANUM</subfield>
      <subfield code="c">1</subfield>
      <subfield code="i">36105115641214</subfield>
      <subfield code="l">MSS-30</subfield>
      <subfield code="m">SPEC-COLL</subfield>
      <subfield code="r">Y</subfield>
      <subfield code="s">Y</subfield>
      <subfield code="t">NONCIRC</subfield>
      <subfield code="u">2/2/2009</subfield>
    </datafield>
    <datafield tag="999" ind1=" " ind2=" ">
      <subfield code="a">M1010 RG 2 LARGE MAP FOLDER 172</subfield>
      <subfield code="w">ALPHANUM</subfield>
      <subfield code="c">1</subfield>
      <subfield code="i">36105115640877</subfield>
      <subfield code="l">MSS-30</subfield>
      <subfield code="m">SPEC-COLL</subfield>
      <subfield code="r">Y</subfield>
      <subfield code="s">Y</subfield>
      <subfield code="t">NONCIRC</subfield>
      <subfield code="u">2/2/2009</subfield>
    </datafield>
    <datafield tag="999" ind1=" " ind2=" ">
      <subfield code="a">M1010 RG 2 LARGE MAP FOLDER 173</subfield>
      <subfield code="w">ALPHANUM</subfield>
      <subfield code="c">1</subfield>
      <subfield code="i">36105115641222</subfield>
      <subfield code="l">MSS-30</subfield>
      <subfield code="m">SPEC-COLL</subfield>
      <subfield code="r">Y</subfield>
      <subfield code="s">Y</subfield>
      <subfield code="t">NONCIRC</subfield>
      <subfield code="u">2/2/2009</subfield>
    </datafield>
    <datafield tag="999" ind1=" " ind2=" ">
      <subfield code="a">M1010 RG 2 LARGE MAP FOLDER 174</subfield>
      <subfield code="w">ALPHANUM</subfield>
      <subfield code="c">1</subfield>
      <subfield code="i">36105115640885</subfield>
      <subfield code="l">MSS-30</subfield>
      <subfield code="m">SPEC-COLL</subfield>
      <subfield code="r">Y</subfield>
      <subfield code="s">Y</subfield>
      <subfield code="t">NONCIRC</subfield>
      <subfield code="u">2/2/2009</subfield>
    </datafield>
    <datafield tag="999" ind1=" " ind2=" ">
      <subfield code="a">M1010 RG 2 LARGE MAP FOLDER 175</subfield>
      <subfield code="w">ALPHANUM</subfield>
      <subfield code="c">1</subfield>
      <subfield code="i">36105115641230</subfield>
      <subfield code="l">MSS-30</subfield>
      <subfield code="m">SPEC-COLL</subfield>
      <subfield code="r">Y</subfield>
      <subfield code="s">Y</subfield>
      <subfield code="t">NONCIRC</subfield>
      <subfield code="u">2/2/2009</subfield>
    </datafield>
    <datafield tag="999" ind1=" " ind2=" ">
      <subfield code="a">M1010 RG 2 LARGE MAP FOLDER 176</subfield>
      <subfield code="w">ALPHANUM</subfield>
      <subfield code="c">1</subfield>
      <subfield code="i">36105115641248</subfield>
      <subfield code="l">MSS-30</subfield>
      <subfield code="m">SPEC-COLL</subfield>
      <subfield code="r">Y</subfield>
      <subfield code="s">Y</subfield>
      <subfield code="t">NONCIRC</subfield>
      <subfield code="u">2/2/2009</subfield>
    </datafield>
    <datafield tag="999" ind1=" " ind2=" ">
      <subfield code="a">M1010 RG 2 LARGE MAP FOLDER 177</subfield>
      <subfield code="w">ALPHANUM</subfield>
      <subfield code="c">1</subfield>
      <subfield code="i">36105115641255</subfield>
      <subfield code="l">MSS-30</subfield>
      <subfield code="m">SPEC-COLL</subfield>
      <subfield code="r">Y</subfield>
      <subfield code="s">Y</subfield>
      <subfield code="t">NONCIRC</subfield>
      <subfield code="u">2/2/2009</subfield>
    </datafield>
    <datafield tag="999" ind1=" " ind2=" ">
      <subfield code="a">M1010 RG 2 LARGE MAP FOLDER 178</subfield>
      <subfield code="w">ALPHANUM</subfield>
      <subfield code="c">1</subfield>
      <subfield code="i">36105115640893</subfield>
      <subfield code="l">MSS-30</subfield>
      <subfield code="m">SPEC-COLL</subfield>
      <subfield code="r">Y</subfield>
      <subfield code="s">Y</subfield>
      <subfield code="t">NONCIRC</subfield>
      <subfield code="u">2/2/2009</subfield>
    </datafield>
    <datafield tag="999" ind1=" " ind2=" ">
      <subfield code="a">M1010 RG 2 LARGE MAP FOLDER 179</subfield>
      <subfield code="w">ALPHANUM</subfield>
      <subfield code="c">1</subfield>
      <subfield code="i">36105115640901</subfield>
      <subfield code="l">MSS-30</subfield>
      <subfield code="m">SPEC-COLL</subfield>
      <subfield code="r">Y</subfield>
      <subfield code="s">Y</subfield>
      <subfield code="t">NONCIRC</subfield>
      <subfield code="u">2/2/2009</subfield>
    </datafield>
    <datafield tag="999" ind1=" " ind2=" ">
      <subfield code="a">M1010 RG 2 LARGE MAP FOLDER 180</subfield>
      <subfield code="w">ALPHANUM</subfield>
      <subfield code="c">1</subfield>
      <subfield code="i">36105115640919</subfield>
      <subfield code="l">MSS-30</subfield>
      <subfield code="m">SPEC-COLL</subfield>
      <subfield code="r">Y</subfield>
      <subfield code="s">Y</subfield>
      <subfield code="t">NONCIRC</subfield>
      <subfield code="u">2/2/2009</subfield>
    </datafield>
    <datafield tag="999" ind1=" " ind2=" ">
      <subfield code="a">M1010 RG 2 LARGE MAP FOLDER 181</subfield>
      <subfield code="w">ALPHANUM</subfield>
      <subfield code="c">1</subfield>
      <subfield code="i">36105115641263</subfield>
      <subfield code="l">MSS-30</subfield>
      <subfield code="m">SPEC-COLL</subfield>
      <subfield code="r">Y</subfield>
      <subfield code="s">Y</subfield>
      <subfield code="t">NONCIRC</subfield>
      <subfield code="u">2/2/2009</subfield>
    </datafield>
    <datafield tag="999" ind1=" " ind2=" ">
      <subfield code="a">M1010 RG 2 LARGE MAP FOLDER 182</subfield>
      <subfield code="w">ALPHANUM</subfield>
      <subfield code="c">1</subfield>
      <subfield code="i">36105115641271</subfield>
      <subfield code="l">MSS-30</subfield>
      <subfield code="m">SPEC-COLL</subfield>
      <subfield code="r">Y</subfield>
      <subfield code="s">Y</subfield>
      <subfield code="t">NONCIRC</subfield>
      <subfield code="u">2/2/2009</subfield>
    </datafield>
    <datafield tag="999" ind1=" " ind2=" ">
      <subfield code="a">M1010 RG 2 LARGE MAP FOLDER 184</subfield>
      <subfield code="w">ALPHANUM</subfield>
      <subfield code="c">1</subfield>
      <subfield code="i">36105115640935</subfield>
      <subfield code="l">MSS-30</subfield>
      <subfield code="m">SPEC-COLL</subfield>
      <subfield code="r">Y</subfield>
      <subfield code="s">Y</subfield>
      <subfield code="t">NONCIRC</subfield>
      <subfield code="u">2/2/2009</subfield>
    </datafield>
    <datafield tag="999" ind1=" " ind2=" ">
      <subfield code="a">M1010 RG 2 LARGE MAP FOLDER 183</subfield>
      <subfield code="w">ALPHANUM</subfield>
      <subfield code="c">1</subfield>
      <subfield code="i">36105115640927</subfield>
      <subfield code="l">MSS-30</subfield>
      <subfield code="m">SPEC-COLL</subfield>
      <subfield code="r">Y</subfield>
      <subfield code="s">Y</subfield>
      <subfield code="t">NONCIRC</subfield>
      <subfield code="u">2/2/2009</subfield>
    </datafield>
    <datafield tag="999" ind1=" " ind2=" ">
      <subfield code="a">M1010 RG 2 LARGE MAP FOLDER 185</subfield>
      <subfield code="w">ALPHANUM</subfield>
      <subfield code="c">1</subfield>
      <subfield code="i">36105115640943</subfield>
      <subfield code="l">MSS-30</subfield>
      <subfield code="m">SPEC-COLL</subfield>
      <subfield code="r">Y</subfield>
      <subfield code="s">Y</subfield>
      <subfield code="t">NONCIRC</subfield>
      <subfield code="u">2/2/2009</subfield>
    </datafield>
    <datafield tag="999" ind1=" " ind2=" ">
      <subfield code="a">M1010 RG 2 LARGE MAP FOLDER 186</subfield>
      <subfield code="w">ALPHANUM</subfield>
      <subfield code="c">1</subfield>
      <subfield code="i">36105115641289</subfield>
      <subfield code="l">MSS-30</subfield>
      <subfield code="m">SPEC-COLL</subfield>
      <subfield code="r">Y</subfield>
      <subfield code="s">Y</subfield>
      <subfield code="t">NONCIRC</subfield>
      <subfield code="u">2/2/2009</subfield>
    </datafield>
    <datafield tag="999" ind1=" " ind2=" ">
      <subfield code="a">M1010 RG 2 LARGE MAP FOLDER 187</subfield>
      <subfield code="w">ALPHANUM</subfield>
      <subfield code="c">1</subfield>
      <subfield code="i">36105115640950</subfield>
      <subfield code="l">MSS-30</subfield>
      <subfield code="m">SPEC-COLL</subfield>
      <subfield code="r">Y</subfield>
      <subfield code="s">Y</subfield>
      <subfield code="t">NONCIRC</subfield>
      <subfield code="u">2/2/2009</subfield>
    </datafield>
    <datafield tag="999" ind1=" " ind2=" ">
      <subfield code="a">M1010 RG 2 LARGE MAP FOLDER 188</subfield>
      <subfield code="w">ALPHANUM</subfield>
      <subfield code="c">1</subfield>
      <subfield code="i">36105115641297</subfield>
      <subfield code="l">MSS-30</subfield>
      <subfield code="m">SPEC-COLL</subfield>
      <subfield code="r">Y</subfield>
      <subfield code="s">Y</subfield>
      <subfield code="t">NONCIRC</subfield>
      <subfield code="u">2/2/2009</subfield>
    </datafield>
    <datafield tag="999" ind1=" " ind2=" ">
      <subfield code="a">M1010 RG 2 LARGE MAP FOLDER 189</subfield>
      <subfield code="w">ALPHANUM</subfield>
      <subfield code="c">1</subfield>
      <subfield code="i">36105115640968</subfield>
      <subfield code="l">MSS-30</subfield>
      <subfield code="m">SPEC-COLL</subfield>
      <subfield code="r">Y</subfield>
      <subfield code="s">Y</subfield>
      <subfield code="t">NONCIRC</subfield>
      <subfield code="u">2/2/2009</subfield>
    </datafield>
    <datafield tag="999" ind1=" " ind2=" ">
      <subfield code="a">M1010 RG 2 LARGE MAP FOLDER 190</subfield>
      <subfield code="w">ALPHANUM</subfield>
      <subfield code="c">1</subfield>
      <subfield code="i">36105115640976</subfield>
      <subfield code="l">MSS-30</subfield>
      <subfield code="m">SPEC-COLL</subfield>
      <subfield code="r">Y</subfield>
      <subfield code="s">Y</subfield>
      <subfield code="t">NONCIRC</subfield>
      <subfield code="u">2/2/2009</subfield>
    </datafield>
    <datafield tag="999" ind1=" " ind2=" ">
      <subfield code="a">M1010 RG 2 LARGE MAP FOLDER 191</subfield>
      <subfield code="w">ALPHANUM</subfield>
      <subfield code="c">1</subfield>
      <subfield code="i">36105115640984</subfield>
      <subfield code="l">MSS-30</subfield>
      <subfield code="m">SPEC-COLL</subfield>
      <subfield code="r">Y</subfield>
      <subfield code="s">Y</subfield>
      <subfield code="t">NONCIRC</subfield>
      <subfield code="u">2/2/2009</subfield>
    </datafield>
    <datafield tag="999" ind1=" " ind2=" ">
      <subfield code="a">M1010 RG 2 LARGE MAP FOLDER 192</subfield>
      <subfield code="w">ALPHANUM</subfield>
      <subfield code="c">1</subfield>
      <subfield code="i">36105115640992</subfield>
      <subfield code="l">MSS-30</subfield>
      <subfield code="m">SPEC-COLL</subfield>
      <subfield code="r">Y</subfield>
      <subfield code="s">Y</subfield>
      <subfield code="t">NONCIRC</subfield>
      <subfield code="u">2/2/2009</subfield>
    </datafield>
    <datafield tag="999" ind1=" " ind2=" ">
      <subfield code="a">M1010 RG 2 LARGE MAP FOLDER 193</subfield>
      <subfield code="w">ALPHANUM</subfield>
      <subfield code="c">1</subfield>
      <subfield code="i">36105115641305</subfield>
      <subfield code="l">MSS-30</subfield>
      <subfield code="m">SPEC-COLL</subfield>
      <subfield code="r">Y</subfield>
      <subfield code="s">Y</subfield>
      <subfield code="t">NONCIRC</subfield>
      <subfield code="u">2/2/2009</subfield>
    </datafield>
    <datafield tag="999" ind1=" " ind2=" ">
      <subfield code="a">M1010 RG 2 LARGE MAP FOLDER 194</subfield>
      <subfield code="w">ALPHANUM</subfield>
      <subfield code="c">1</subfield>
      <subfield code="i">36105115641313</subfield>
      <subfield code="l">MSS-30</subfield>
      <subfield code="m">SPEC-COLL</subfield>
      <subfield code="r">Y</subfield>
      <subfield code="s">Y</subfield>
      <subfield code="t">NONCIRC</subfield>
      <subfield code="u">2/2/2009</subfield>
    </datafield>
    <datafield tag="999" ind1=" " ind2=" ">
      <subfield code="a">M1010 RG 2 LARGE MAP FOLDER 195</subfield>
      <subfield code="w">ALPHANUM</subfield>
      <subfield code="c">1</subfield>
      <subfield code="i">36105115641008</subfield>
      <subfield code="l">MSS-30</subfield>
      <subfield code="m">SPEC-COLL</subfield>
      <subfield code="r">Y</subfield>
      <subfield code="s">Y</subfield>
      <subfield code="t">NONCIRC</subfield>
      <subfield code="u">2/2/2009</subfield>
    </datafield>
    <datafield tag="999" ind1=" " ind2=" ">
      <subfield code="a">M1010 RG 2 LARGE MAP FOLDER 196</subfield>
      <subfield code="w">ALPHANUM</subfield>
      <subfield code="c">1</subfield>
      <subfield code="i">36105115641016</subfield>
      <subfield code="l">MSS-30</subfield>
      <subfield code="m">SPEC-COLL</subfield>
      <subfield code="r">Y</subfield>
      <subfield code="s">Y</subfield>
      <subfield code="t">NONCIRC</subfield>
      <subfield code="u">2/2/2009</subfield>
    </datafield>
    <datafield tag="999" ind1=" " ind2=" ">
      <subfield code="a">M1010 RG 2 LARGE MAP FOLDER 197</subfield>
      <subfield code="w">ALPHANUM</subfield>
      <subfield code="c">1</subfield>
      <subfield code="i">36105115641321</subfield>
      <subfield code="l">MSS-30</subfield>
      <subfield code="m">SPEC-COLL</subfield>
      <subfield code="r">Y</subfield>
      <subfield code="s">Y</subfield>
      <subfield code="t">NONCIRC</subfield>
      <subfield code="u">2/2/2009</subfield>
    </datafield>
    <datafield tag="999" ind1=" " ind2=" ">
      <subfield code="a">M1010 RG 2 LARGE MAP FOLDER 198</subfield>
      <subfield code="w">ALPHANUM</subfield>
      <subfield code="c">1</subfield>
      <subfield code="i">36105115641339</subfield>
      <subfield code="l">MSS-30</subfield>
      <subfield code="m">SPEC-COLL</subfield>
      <subfield code="r">Y</subfield>
      <subfield code="s">Y</subfield>
      <subfield code="t">NONCIRC</subfield>
      <subfield code="u">2/2/2009</subfield>
    </datafield>
    <datafield tag="999" ind1=" " ind2=" ">
      <subfield code="a">M1010 RG 2 LARGE MAP FOLDER 199</subfield>
      <subfield code="w">ALPHANUM</subfield>
      <subfield code="c">1</subfield>
      <subfield code="i">36105115641347</subfield>
      <subfield code="l">MSS-30</subfield>
      <subfield code="m">SPEC-COLL</subfield>
      <subfield code="r">Y</subfield>
      <subfield code="s">Y</subfield>
      <subfield code="t">NONCIRC</subfield>
      <subfield code="u">2/2/2009</subfield>
    </datafield>
    <datafield tag="999" ind1=" " ind2=" ">
      <subfield code="a">M1010 RG 2 LARGE MAP FOLDER 200</subfield>
      <subfield code="w">ALPHANUM</subfield>
      <subfield code="c">1</subfield>
      <subfield code="i">36105115641024</subfield>
      <subfield code="l">MSS-30</subfield>
      <subfield code="m">SPEC-COLL</subfield>
      <subfield code="r">Y</subfield>
      <subfield code="s">Y</subfield>
      <subfield code="t">NONCIRC</subfield>
      <subfield code="u">2/2/2009</subfield>
    </datafield>
    <datafield tag="999" ind1=" " ind2=" ">
      <subfield code="a">M1010 RG 2 LARGE MAP FOLDER 201</subfield>
      <subfield code="w">ALPHANUM</subfield>
      <subfield code="c">1</subfield>
      <subfield code="i">36105115641032</subfield>
      <subfield code="l">MSS-30</subfield>
      <subfield code="m">SPEC-COLL</subfield>
      <subfield code="r">Y</subfield>
      <subfield code="s">Y</subfield>
      <subfield code="t">NONCIRC</subfield>
      <subfield code="u">2/2/2009</subfield>
    </datafield>
    <datafield tag="999" ind1=" " ind2=" ">
      <subfield code="a">M1010 RG 2 LARGE MAP FOLDER 202</subfield>
      <subfield code="w">ALPHANUM</subfield>
      <subfield code="c">1</subfield>
      <subfield code="i">36105115641354</subfield>
      <subfield code="l">MSS-30</subfield>
      <subfield code="m">SPEC-COLL</subfield>
      <subfield code="r">Y</subfield>
      <subfield code="s">Y</subfield>
      <subfield code="t">NONCIRC</subfield>
      <subfield code="u">2/2/2009</subfield>
    </datafield>
    <datafield tag="999" ind1=" " ind2=" ">
      <subfield code="a">M1010 RG 2 LARGE MAP FOLDER 203</subfield>
      <subfield code="w">ALPHANUM</subfield>
      <subfield code="c">1</subfield>
      <subfield code="i">36105115641040</subfield>
      <subfield code="l">MSS-30</subfield>
      <subfield code="m">SPEC-COLL</subfield>
      <subfield code="r">Y</subfield>
      <subfield code="s">Y</subfield>
      <subfield code="t">NONCIRC</subfield>
      <subfield code="u">2/2/2009</subfield>
    </datafield>
    <datafield tag="999" ind1=" " ind2=" ">
      <subfield code="a">M1010 RG 2 LARGE MAP FOLDER 204</subfield>
      <subfield code="w">ALPHANUM</subfield>
      <subfield code="c">1</subfield>
      <subfield code="i">36105115641057</subfield>
      <subfield code="l">MSS-30</subfield>
      <subfield code="m">SPEC-COLL</subfield>
      <subfield code="r">Y</subfield>
      <subfield code="s">Y</subfield>
      <subfield code="t">NONCIRC</subfield>
      <subfield code="u">2/2/2009</subfield>
    </datafield>
    <datafield tag="999" ind1=" " ind2=" ">
      <subfield code="a">M1010 RG 2 LARGE MAP FOLDER 205</subfield>
      <subfield code="w">ALPHANUM</subfield>
      <subfield code="c">1</subfield>
      <subfield code="i">36105115641362</subfield>
      <subfield code="l">MANUSCRIPT</subfield>
      <subfield code="m">SPEC-COLL</subfield>
      <subfield code="r">Y</subfield>
      <subfield code="s">Y</subfield>
      <subfield code="t">MANUSCRIPT</subfield>
      <subfield code="u">2/2/2009</subfield>
    </datafield>
    <datafield tag="999" ind1=" " ind2=" ">
      <subfield code="a">M1010 RG 2 LARGE MAP FOLDER 206</subfield>
      <subfield code="w">ALPHANUM</subfield>
      <subfield code="c">1</subfield>
      <subfield code="i">36105115641065</subfield>
      <subfield code="l">MANUSCRIPT</subfield>
      <subfield code="m">SPEC-COLL</subfield>
      <subfield code="r">Y</subfield>
      <subfield code="s">Y</subfield>
      <subfield code="t">MANUSCRIPT</subfield>
      <subfield code="u">2/2/2009</subfield>
    </datafield>
    <datafield tag="999" ind1=" " ind2=" ">
      <subfield code="a">M1010 RG 2 CARTON 1099</subfield>
      <subfield code="w">ALPHANUM</subfield>
      <subfield code="c">1</subfield>
      <subfield code="i">36105115641370</subfield>
      <subfield code="l">MSS-30</subfield>
      <subfield code="m">SPEC-COLL</subfield>
      <subfield code="r">Y</subfield>
      <subfield code="s">Y</subfield>
      <subfield code="t">NONCIRC</subfield>
      <subfield code="u">2/2/2009</subfield>
    </datafield>
  </record>
</collection>